1890 3002
824 156 1059 193 ...7-

252 262 362 308 τελῶς
388 259 612 323 συμφώνως,
651 260 742 302 ἀλλὰ
768 261 950 316 φωνήεσιν
982 263 1050 309 ἀεὶ,
1078 265 1155 303 οἷον
1192 262 1371 314 Ρούλενα,
1409 265 1523 316 δῆλον
1564 262 1620 303 ὅτι

254 315 320 355 οὐκ
345 320 421 354 ἔστι
446 313 653 366 σύμφωνον.
678 316 756 356 ἀλλ’
783 317 878 357 οὐδὲ
895 320 1041 371 φωνῆεν
1067 317 1222 358 δύναται
1244 322 1347 359 εἶναι’
1373 321 1435 357 καὶ
1462 325 1532 369 γαρ
1544 325 1620 364 τοῖς

255 367 417 423 φωνήεσι
428 372 629 417 παρέπεται
654 370 696 408 τὸ
723 370 956 410 δασύνεσθαι
980 387 1042 410 και
1067 374 1290 424 ψιλοῦσθαι,
1317 372 1359 413 τὸ
1387 375 1429 411 δὲ
1453 372 1495 408 F
1515 370 1619 411 οὐδέ-

252 440 341 463 ποτε
379 420 588 470 δασύνεται,
619 421 710 465 αλλὰ
748 422 863 475 μόνον
899 427 1085 488 ψιλαῡται,
1123 425 1190 466 οὐκ
1230 425 1309 490 α’ρα
1343 429 1419 467 ἐστὶ
1457 428 1615 488 φωνῆεν.

245 476 391 523 Ἀλλως
417 479 457 517 δὲ
481 480 542 517 καὶ
564 477 611 518 τὰ
636 478 883 542 προςτακτικὰ
903 477 1096 536 φωνήεντα
1111 479 1177 530 οὐχ
1190 479 1462 521 ὑποτάσσονται
1478 497 1618 545 φωνηε-

253 547 325 578 σιν,
352 534 430 570 οἷον
453 531 495 571 τὸ
519 534 550 571 οἱ
568 534 629 571 καὶ
655 549 672 572 ε
695 536 757 572 καὶ
789 533 836 573 τοὶ
863 530 968 579 ἄλλα,
994 534 1238 583 προς-τακτικὰ
1271 533 1372 581 ὄντα,
1410 536 1476 585 οὐχ
1515 535 1613 585 εὑρί-

251 593 402 626 σκονται
421 590 554 651 ἑτέροις
564 585 853 647 ὑποταττόμενα
879 585 1070 652 φωνήεσιν.
1099 593 1133 626 εἰ
1156 585 1231 637 ἀρα
1256 590 1325 628 οὐν
1348 589 1437 628 τὸΕ
1455 591 1614 656 εἴπωμεν

252 642 409 693 φωνῆεν,
433 638 674 704 εὑρεθήσεται
695 645 734 681 ἐν
758 644 811 680 τιῦ
836 640 966 688 Εᾶναξ
1001 644 1064 681 καὶ
1101 641 1236 694 Εελένη
1265 645 1307 681 τὸ
1346 658 1370 682 α
1415 646 1474 682 καὶ
1513 660 1540 690 ε,
1564 644 1611 682 τά

251 692 487 747 προτακτικά,
519 693 795 757 ὑποταττόμενα
821 694 1014 749 φωνήεσιν,
1027 694 1131 744 ὅπερ
1155 700 1253 735 ἐστιν
1277 711 1417 735 ατοπον
1453 726 1610 738 .........

248 752 329 797 τρία
355 748 422 787 οὐν
448 745 638 799 φωνήεντα
664 752 702 787 ἐν
726 764 795 800 μια
820 752 996 813 συλλαβῇ,
1041 747 1065 788 ο’
1099 753 1169 812 πέρ
1209 754 1306 789 ἐστιν
1344 749 1538 789 ἀδύνατον.
1579 756 1613 790 εἰ

250 800 325 852 ἀρα
348 802 428 846 οὐν,
454 815 504 848 ως
529 803 719 847 δέδεικται,
746 802 830 844 οὔτε
855 802 1055 868 σύμφωνον
1081 802 1237 843 δύναται
1274 802 1388 856 alvan:
1410 800 1493 843 οὔτε
1534 820 1610 867 φω-

246 859 345 908 νῆεν,
372 857 485 907 δῆλον
511 853 566 894 ὅτι
593 855 661 894 οὐκ
698 861 774 896 ἔστι
812 865 985 906 στοιχεῖον
1017 856 1059 896 τὸ
1098 857 1143 894 F-
1188 855 1271 896 ”Eu
1309 859 1385 904 πᾶς
1420 860 1610 921 χαοακτήρ

245 912 427 958 στοιχείων
454 911 623 959 σημαίνει
648 908 835 972 ἀριθμόν.
847 913 909 950 καὶ
934 910 1004 963 ῃάρ
1031 909 1073 949 τὸ
1100 912 1132 949 α’
1151 913 1317 962 σημαίνει
1340 914 1404 949 ἕνα
1433 911 1609 964 ἀοιθμόν,

245 966 307 1002 καὶ
333 963 373 1001 τὸ
399 965 424 1009 β
448 962 529 1008 δύο,
555 964 617 1000 καὶ
642 964 733 1027 ἑξῆς.
759 969 793 1002 εἰ
815 960 891 1014 α’ρα
917 965 983 1003 οὐν
1011 963 1032 1001 ὁ
1051 965 1243 1017 χαοαιιτὴρ
1267 966 1334 1004 τοῦ
1359 966 1399 1003 F
1409 965 1454 1003 ού
1473 968 1608 1016 σημαί-

246 1034 298 1056 νει
324 1014 501 1069 αριθμόν,
527 1016 680 1069 δῆλον
664 1032 720 1056 οτι
744 1017 811 1057 οὐκ
834 1021 912 1058 ἔστι
938 1023 1122 1068 στοιχεῖον

351 1124 431 1162 Nec
459 1122 667 1172 defuerunt,
697 1124 759 1174 qui
787 1137 832 1161 ex
857 1125 926 1162 ista
963 1124 1275 1176 argumentatione
1314 1122 1528 1174 collegerint
1555 1128 1605 1171 et,

246 1178 375 1229 positis
402 1176 635 1228 quibusdam,
663 1176 701 1213 id
724 1177 925 1226 intulerint,
953 1183 995 1214 nt
1023 1177 1200 1226 digamma
1240 1190 1421 1227 nunquam
1458 1177 1604 1216 exstite-

244 1234 305 1277 rit,
336 1231 402 1267 sed
429 1245 527 1267 mera
555 1231 602 1266 sit
617 1229 943 1267 Grammaticorum
969 1229 1084 1266 fictio.
1114 1229 1216 1265 Haec
1242 1243 1328 1266 vero
1344 1219 1604 1290 argumentatio

247 1285 319 1321 hoc
346 1297 458 1320 unum
486 1280 610 1330 habet,
637 1287 678 1318 ut
694 1281 874 1333 digamma
899 1296 974 1319 non
1007 1281 1118 1318 fuerit
1144 1280 1262 1328 litera,
1283 1281 1347 1318 sed
1374 1282 1543 1332 aspiratio
1570 1283 1606 1319 in

247 1338 401 1375 dialecto
425 1336 576 1375 Aeolica
602 1337 747 1373 usitata.
803 1336 873 1374 Cui
896 1337 1059 1388 opinioni
1086 1336 1192 1373 etiam
1225 1336 1459 1384 Prin-nanus,
1504 1336 1608 1387 cujus

246 1405 413 1444 magnam
453 1392 490 1428 in
535 1388 646 1428 rebus
682 1391 926 1442 grammaticis
968 1391 1217 1428 auctoritatem
1260 1391 1469 1440 saepissime
1505 1403 1607 1441 pres-

247 1448 299 1483 sis
327 1445 448 1483 verbis
475 1446 676 1512 sequimur,
706 1445 911 1490 assentitur]
934 1445 972 1481 in
998 1443 1093 1481 libro
1125 1457 1193 1480 suo
1220 1444 1358 1492 primo.
1388 1442 1607 1482 ”Sciendum

244 1497 388 1538 tamen”
389 1526 401 1546 ‚
432 1497 571 1546 dicem,
600 1495 724 1548 ”quod
757 1497 864 1534 hoc
852 1511 972 1548 ipsum
1005 1496 1140 1534 Aeoles
1180 1496 1328 1546 quidem
1355 1496 1489 1547 ubique
1523 1497 1606 1535 loco

244 1552 473 1604 aspirationis
487 1550 684 1602 ponebant,
706 1551 921 1602 effugientes
935 1551 1082 1602 spiritus
1097 1549 1369 1600 asperitatem&
1398 1550 1473 1588 Sed
1491 1564 1606 1601 quan·

244 1615 320 1645 tum
347 1607 419 1644 hoc
446 1619 466 1642 a
491 1606 641 1642 veritate
666 1604 872 1654 abhorreat,
898 1604 975 1655 jam
1003 1603 1109 1641 facile
1147 1611 1294 1653 apparet
1332 1618 1378 1641 ex
1418 1618 1476 1652 eo,
1506 1604 1606 1655 quod

244 1676 289 1699 ex
314 1675 399 1708 usu,
430 1672 505 1710 quo
531 1658 778 1695 tantummodo
805 1659 843 1695 in
867 1656 1025 1695 dialecto
1051 1656 1201 1695 Aeolica
1227 1659 1397 1707 occurrit,
1441 1663 1605 1695 naturam

244 1717 326 1754 soni
353 1713 659 1764 interpretentur.
688 1713 863 1765 Ignorant
885 1714 1047 1760 omnino,
1078 1710 1214 1749 Aeoles
1249 1725 1377 1749 sonum
1394 1713 1601 1758 retinuisse,

242 1785 323 1808 cum
345 1769 424 1821 jam
448 1767 539 1806 aliae
568 1766 712 1805 dialecti
751 1773 813 1805 aut
849 1766 934 1806 loco
961 1766 1058 1805 illius
1100 1766 1249 1816 spiritus
1288 1766 1560 1806 substituissent
1573 1765 1602 1819 ²)

288 1902 316 1949 ⁹)
341 1902 488 1948 Spiritus
509 1905 599 1939 enim
623 1906 734 1959 asperi
759 1904 996 1940 Graecorum
986 1917 1022 1938 m
1044 1904 1126 1939 duas
1157 1911 1270 1959 partes
1302 1900 1509 1938 dilabuntur·
1548 1897 1579 1930 1²
1572 1909 1604 1930 ·0

324 1948 526 1983 radicantes
517 1962 541 1982 1.
568 1964 598 1984 e.
624 1951 683 1997 qui
706 1950 812 2004 ipsius
835 1951 957 1985 radicis
979 1950 1105 1996 proprii
1128 1956 1220 1994 sunt,
1243 1950 1312 1984 sive
1348 1946 1385 1989 il,
1417 1956 1477 1998 (1¹¹¹
1498 1941 1603 1977 l'fldffl

329 1992 532 2037 insidebant,
567 1999 623 2028 ant
659 1996 792 2029 subnati
814 2004 892 2030 sunt
912 2008 955 2029 ex
992 2008 1058 2028 una
1094 1976 1266 2029 literariim
1301 1989 1507 2028 radlcsslfflm·
1545 1987 1579 2019 2·
1571 1998 1604 2019 0

332 2038 601 2085 hysteroqenos'
592 2054 615 2073 1.
641 2052 672 2073 e.
677 2040 757 2093 qni
779 2052 841 2074 nec
862 2041 1005 2075 mediate
1025 2052 1088 2074 nec
1109 2039 1299 2074 immediate
1325 2033 1447 2071 radicis
1469 2030 1605 2086 proprii

336 2088 427 2127 sunt,
448 2083 507 2118 sed
529 2085 731 2131 anorganico
752 2085 852 2120 modo
874 2086 976 2122 verbo
987 2085 1137 2132 praefixi.
1161 2084 1305 2120 Plurimi
1326 2092 1405 2117 vero
1427 2077 1605 2125 spiritum
