1890 3002
762 216 821 234 -··
865 206 919 243 22
974 213 1044 236 -ι-

237 320 465 363 perspectam
493 309 688 361 efficere),
711 309 872 348 editores
906 318 1068 349 veterum
1094 319 1283 350 auctorum
1308 327 1330 351 a
1353 315 1536 353 mutandis
1565 324 1603 355 ct

236 366 463 419 corrigendis
482 364 585 411 loc-in,
606 377 699 415 quae
719 366 936 402 acommuni
952 372 990 404 et
999 368 1155 405 maximo
1164 367 1250 404 trito
1262 367 1409 408 dicendi
1422 371 1532 409 modo
1546 385 1602 409 re-

236 421 463 468 cedereipsis
479 417 684 467 videantur,
695 419 1015 459 manusabstinere
1031 421 1177 460 debere.
1204 423 1380 476 Exempla
1394 429 1606 465 criticorum
1634 446 1637 447 ⁷

237 472 579 522 Alexandrinorum,
609 473 675 525 qu'i
695 472 852 526 legendo
866 480 903 512 et
920 474 1118 528 relegendo
1135 483 1276 531 veteres
1301 488 1428 532 poetas
1442 481 1605 535 linguam

236 542 359 566 eoi-tim
386 532 423 562 et
450 526 552 576 leges
579 529 750 565 metricas
772 529 863 566 mira
900 529 1090 581 diligentia
1117 532 1390 582 perdidicerunt
1414 542 1451 573 ct
1478 538 1607 576 imitati

236 587 332 628 sunt,
361 580 579 629 gravissima
603 588 819 635 argumenta
846 581 954 623 nobis
982 584 1173 636 praebent,
1200 589 1336 641 scripta
1364 603 1491 630 eorum
1516 606 1605 645 qua-

235 637 427 685 liacunque
455 636 502 671 ad
529 650 599 672 nos
626 639 806 684 venerint,
832 652 853 674 a
880 639 1068 677 veteribus
1094 643 1232 679 criticis
1260 645 1392 691 ratim,
1422 660 1530 696 quam
1553 650 1605 684 vi-

236 689 340 726 detur
366 694 502 726 mutata
531 704 630 728 esse.
684 689 790 740 Quae
817 692 913 729 enim
939 693 978 730 in
1004 693 1214 734 Homericis
1242 696 1408 736 redolent
1431 701 1607 739 seriorem

233 749 402 791 aetatem,
435 757 514 780 non
541 744 627 793 illis,
658 747 723 796 qui
759 752 830 783 tam
859 750 974 785 cautis
1001 748 1170 786 manibus
1197 763 1241 789 ea
1281 757 1529 793 tractaverunt
1573 762 1610 794 et

234 797 478 846 tradiderunt,
508 799 576 836 sed
599 801 734 837 Atticis
759 801 1042 840 adscribendum
1078 804 1205 850 forsan
1241 813 1320 855 est3
1361 815 1449 845 sunt
1473 816 1609 848 mutata

235 852 274 888 in
303 851 382 889 dies
408 851 566 889 Athenis
594 858 631 890 et
656 860 741 892 ante
767 868 876 906 quam
910 854 1026 893 literis
1068 856 1218 895 fuerunt
1255 860 1424 899 mandata
1465 868 1502 900 et
1526 877 1610 915 per-

237 907 373 956 scripta
402 911 439 943 et
466 914 594 956 postea
619 906 796 946 clementa
821 909 917 946 sacta
952 917 1069 960 erant,
1110 912 1248 962 quihus
1275 921 1526 965 superstructa
1554 925 1612 955 est

238 960 358 1000 omnis
385 961 578 1008 παίδευσις
591 960 654 1013 “).
712 962 816 1010 Quae
856 969 991 1012 tamen,
1035 978 1148 1016 quum
1180 966 1258 1018 jam
1285 974 1428 1006 veteres
1455 969 1505 1007 oh
1532 984 1608 1009 ma·

239 1027 353 1064 gnum
380 1016 554 1064 temporis
580 1029 765 1054 recessum
791 1016 838 1054 ad
866 1017 1043 1069 liquidum
1068 1019 1204 1058 ducere
1250 1035 1326 1059 non
1362 1026 1561 1075 potuerint,
1590 1040 1613 1064 a

240 1068 507 1105 recentioribus
537 1070 596 1105 vix
624 1070 784 1109 discerni
814 1080 982 1122 possunt.
1040 1075 1089 1112 Et
1115 1076 1146 1112 si
1191 1077 1230 1113 in
1265 1079 1476 1117 memoriam
1504 1092 1610 1118 revo-

242 1136 367 1159 camus
394 1124 471 1173 ipsa
501 1123 692 1174 vocabula,
722 1139 878 1177 quorum
906 1127 1088 1180 digamma
1129 1130 1167 1166 in
1195 1131 1364 1169 versibus
1399 1133 1610 1172 Homericis

241 1176 324 1213 luce
349 1176 483 1213 clarius
512 1184 624 1227 patet,
653 1181 764 1216 modo
786 1181 893 1229 quasi
919 1195 940 1217 a
967 1182 1084 1219 vocali
1114 1184 1330 1235 inciperent,
1350 1187 1461 1224 modo
1486 1202 1505 1224 a
1521 1202 1610 1225 con-

243 1232 410 1279 sonante,
440 1236 614 1280 usurpata
638 1245 735 1278 csse,
766 1233 827 1268 vix
854 1232 962 1270 nobis
989 1234 1096 1272 liceat
1135 1237 1180 1273 de
1214 1239 1456 1277 inconstantia
1496 1241 1611 1294 loqui,

244 1297 337 1333 quac
364 1283 464 1319 nulla
488 1284 558 1320 alia
586 1291 657 1332 est,
693 1287 765 1322 nisi
792 1287 958 1336 dupplex
984 1289 1217 1338 diqammatis
1244 1300 1379 1329 natura
1392 1294 1474 1345 ⁸⁸⁵).

295 1390 490 1442 Digamma
520 1393 757 1428 consonantis
784 1407 936 1431 munere
963 1394 1139 1446 fungens.

346 1476 382 1528 a)
410 1477 551 1514 hiatum
578 1481 761 1517 admittit:

239 1565 285 1603 ll.
316 1582 352 1619 η.
379 1566 473 1603 295.
503 1566 595 1614 σούς
620 1584 659 1607 τε
682 1566 844 1619 μάλιστα
871 1575 960 1622 ἔτας
984 1575 1048 1614 καὶ
1073 1577 1261 1626 ἑταίρους,
1286 1580 1326 1618 οἵ
1348 1594 1404 1618 τοι.
1428 1579 1557 1619 ἔασιν,“

241 1641 297 1648 —-
339 1641 389 1649 —
416 1621 509 1658 296.
540 1621 662 1676 αὐτάρ
689 1625 758 1674 ἐγώ
783 1625 881 1667 κατὰ
908 1627 1007 1670 ἄστυ
1029 1635 1126 1680 μέγα
1152 1630 1345 1684 Πριάμοιο
1371 1631 1540 1682 ἄνακτος.

284 1781 328 1828 ⁴)
375 1782 477 1818 ”vere
500 1763 628 1819 dictum
661 1793 736 1815 csse
763 1781 994 1828 intelligebam
1017 1797 1036 1818 a
1057 1784 1131 1818 viro
1153 1784 1348 1821 doctissimo
1371 1787 1470 1822 Rich.
1506 1789 1619 1835 Paync

374 1828 506 1875 Ruight
530 1828 628 1873 (pag.
652 1827 716 1874 34)
728 1842 743 1860 :¹
762 1829 855 1862 ”sine
866 1830 1030 1875 digamma*
1039 1831 1140 1876 justa
1155 1833 1274 1865 notitia
1286 1845 1347 1867 nec
1357 1835 1539 1879 puritatem
1561 1848 1621 1869 nec

370 1874 601 1908 sinceritatem
623 1884 684 1905 nec
707 1874 911 1922 elegantiam
933 1875 1083 1909 lectionis
1106 1876 1314 1913 Homericae
1335 1880 1471 1913 restitui
1489 1887 1619 1926 posse.'’

376 1920 499 1967 Heyne
523 1919 548 1953 l.
574 1932 605 1953 c.
630 1918 709 1953 724.

290 1995 354 2041 Μ)
375 1994 523 2033 Aeliani
544 1994 675 2028 Hister.
700 1993 800 2027 xm.
825 1994 859 2027 4.
884 2010 893 2021 ο

292 2073 359 2119 “’)
393 2073 471 2107 Cfr.
500 2073 691 2120 Graesenla.
717 2074 742 2107 l.
765 2086 796 2108 c.
820 2085 855 2122 p.
883 2074 935 2107 11,
