1890 3002
834 169 1097 208 ...46-

272 274 472 315 mur-lium
501 282 617 330 σφεῖς,
643 274 762 328 σφοῖν,
788 276 893 329 σφίσι
920 275 1027 313 etiam
1041 275 1245 320 manavisse
1265 279 1403 315 eertum
1430 281 1500 314 est.
1531 275 1644 325 Quod

272 330 322 368 ad
350 331 488 368 formas
514 344 534 367 a
569 329 689 367 vocali
715 330 931 381 incipientes
970 342 1087 381 pauca
1128 334 1267 367 tautum
1305 330 1403 383 apud
1438 330 1644 369 Homerum

271 391 418 423 exstant
445 382 623 435 exempla,
643 396 748 436 quae
776 383 984 434 digammati
1009 385 1226 422 consonanti
1261 385 1288 421 i.
1331 398 1365 423 e.
1397 397 1489 422 sono
1516 384 1641 423 literae

271 442 363 480 Βαῦ
390 439 550 488 graviori
577 443 797 490 repugnant.
827 438 1019 475 Resistunt
1035 442 1193 489 quatuor
1217 438 1313 486 loca,
1344 437 1478 490 quibus
1503 439 1644 482 mederi

271 493 359 531 licet
385 491 594 543 abjiciendo
620 507 642 531 ν
667 491 908 544 paragogieo:
944 490 1112 544 πρόσθεν
1137 494 1226 531 ἑθεν
1253 491 1298 529 11.
1327 508 1372 539 ε,
1396 493 1461 530 56.
1511 493 1576 530 80.

272 548 361 585 402.
388 549 572 586 ἐκέλευσεν
597 549 636 585 ἕο
664 546 734 584 od.
763 562 800 598 η,
826 544 916 585 217.
970 545 1168 583 Accedunt
1192 563 1246 572 -—
1272 559 1355 582 uam
1371 545 1474 583 loeus
1502 546 1574 586 Od.
1605 562 1644 593 a,

274 601 361 638 111.
389 598 441 636 nil
478 598 646 651 impedit,
677 600 760 652 quia
785 602 809 640 ἕ
828 612 1138 650 supervacaneum
1164 611 1247 638 esse
1292 598 1438 637 videtur
1483 619 1533 629 —
1561 599 1644 639 loca

270 653 316 691 ΙΙ.
348 655 377 700 ξ,
403 654 492 707 162.
523 652 589 691 ubi
617 655 774 705 Bentley
802 659 839 691 et
864 654 1061 691 Hermann
1099 652 1160 706 (ad
1203 652 1323 704 Orph'.
1366 651 1505 717 778.)
1519 667 1640 692 emen-

269 708 376 745 dant:
406 709 447 747 εὐ
474 706 708 748 ἐντυνοέσασα
733 705 894 761 ἑάὐτήν,
914 707 987 744 cfr.
1019 707 1062 745 11.
1074 722 1112 754 o,
1121 708 1185 745 55.
1202 706 1406 749 πυκάσασα
1426 704 1589 764 ἕαῦτήν,
1606 715 1643 746 et

268 762 315 800 11.
346 778 379 809 τ,
405 763 497 799 354.
544 762 711 816 πειρήθη
748 761 820 802 δ’ἕο
862 761 992 802 αὐτοῦ.
1034 760 1134 798 Cum·
1170 762 1242 799 hoc
1269 762 1352 800 loco
1397 762 1469 799 cfr.
1513 756 1637 813 Apoll.

270 815 346 855 Rh.
375 817 472 868 Arg.
500 831 534 866 y,
561 817 656 853 594:

373 869 507 924 νόσφιν
532 870 564 910 δ’
592 873 628 909 οῖ
652 869 752 922 αὐτῶ
778 868 861 923 φατ’
891 866 1034 909 ἐοικότα
1060 870 1178 919 μείλια
1205 871 1316 909 τίσειν

276 938 386 975 quam
399 924 594 963 lectionem
621 925 799 963 Brunek
790 939 827 961 m
845 922 1003 986 νόσφιδὲ
1013 925 1049 963 οἱ
1061 923 1221 963 mutavit.
1251 923 1325 962 Sed
1340 937 1423 962 cum
1434 923 1546 962 multa
1559 923 1640 962 loca

269 985 478 1025 occurrant,
506 979 542 1014 in
557 978 692 1029 quibus
707 978 860 1029 syllaba,
890 978 928 1014 iu
956 990 1064 1013 unam
1087 990 1285 1014 consonam
1301 979 1439 1014 literam
1454 976 1640 1024 desinens,

268 1045 344 1069 non
372 1032 601 1083 producitur,
629 1033 698 1073 cfr
727 1032 769 1071 11.
797 1034 827 1080 ζ,
851 1031 913 1072 90,
952 1047 985 1077 ν,
1020 1031 1110 1070 561
1145 1029 1219 1071 Od.
1261 1048 1300 1073 α.
1339 1032 1428 1069 300.
1474 1045 1506 1081 y,
1551 1031 1638 1068 198.

267 1087 358 1127 308
386 1086 509 1135 Apoll.
536 1086 607 1124 Rh
636 1101 674 1131 α,
702 1086 789 1121 643.
817 1086 906 1123 Hes.
935 1084 1008 1133 Op.
1037 1085 1124 1123 526.
1159 1084 1260 1121 nulla
1304 1085 1502 1122 mutatione
1547 1098 1639 1135 opus

264 1144 333 1185 est,
373 1138 663 1189 confirmatque
704 1138 919 1175 senteutiam
957 1137 1137 1187 digamma
1165 1139 1273 1175 etiam
1312 1138 1449 1176 vocalis
1488 1151 1639 1177 munere

266 1192 331 1230 fun
346 1193 387 1229 ri.

335 1207 357 1244 b
367 1250 428 1293 ἕος
441 1252 477 1283 et
490 1244 541 1292 ὅς.
563 1244 684 1281 Radix
698 1244 836 1281 Sanscr
850 1258 929 1281 swa
941 1252 1124 1295 tamquam
1139 1244 1374 1295 Adjectivum
1389 1245 1497 1281 trium
1512 1246 1639 1281 termi-

265 1299 452 1336 nationum
459 1304 610 1349 apparet
620 1299 656 1334 in
671 1312 783 1346 emax,
795 1313 888 1347 swa,
897 1313 1027 1335 swam.
1046 1297 1139 1336 Cum
1149 1298 1218 1336 hac
1233 1312 1323 1336 voce
1338 1320 1385 1328 —-
1396 1298 1460 1338 oF
1465 1312 1532 1349 pro
1542 1312 1593 1335 sw
1603 1304 1638 1336 ct

264 1367 317 1404 οφ
331 1353 473 1402 prooF
479 1371 525 1378 —
550 1357 837 1388 consontaneum
855 1358 911 1388 est
928 1350 1152 1389 Graecorum
1178 1350 1287 1414 σφός,
1306 1350 1398 1405 σφή,
1416 1351 1525 1404 σφόν,
1540 1351 1637 1388 unde

264 1411 454 1459 σφέτερος,
467 1412 585 1459 σφεῖς,
606 1407 853 1458 σφωίτεροςο.
876 1419 905 1442 s·
925 1419 960 1455 p
977 1404 1018 1442 Si
1035 1419 1123 1443 vero
1140 1421 1159 1443 e
1176 1405 1348 1457 abjicitur
1367 1405 1473 1443 etF·
1463 1419 1499 1442 ιιι
1515 1404 1636 1443 locum

263 1461 332 1498 τοῦ
357 1473 389 1496 w
415 1459 592 1505 succedit,
621 1459 784 1495 nascitur
817 1460 902 1506 Εός
925 1458 1013 1510 (cfr.
1041 1458 1187 1511 πάῑιρα
1213 1458 1294 1499 Fo'v
1317 1459 1414 1496 Bes.
1433 1457 1538 1495 Scut.
1568 1460 1633 1496 59.-

262 1515 368 1566 πῆδα
395 1513 476 1553 For
498 1513 587 1550 Ror.
620 1513 669 1549 fr.
705 1511 822 1563 10.),
838 1513 871 1548 si
897 1526 916 1550 8
942 1512 1116 1564 abjicitur
1144 1520 1182 1551 et
1215 1514 1308 1553 Fin
1334 1513 1501 1564 spiritum
1530 1526 1640 1564 aspe-

263 1581 344 1604 rum
371 1573 544 1614 mutatur,
575 1567 741 1618 gignitur
767 1566 822 1614 ὅς,
850 1567 881 1603 si
909 1580 976 1616 pro
1004 1582 1029 1607 σ
1055 1569 1206 1619 spiritus
1245 1580 1367 1637 asper,
1398 1580 1466 1617 pro
1493 1568 1535 1606 F
1557 1567 1636 1605 iite-

262 1634 301 1657 ra
326 1638 343 1661 ε
374 1627 430 1659 est
457 1622 631 1672 positum,
662 1621 777 1657 oritur
804 1617 875 1684 Soc:
912 1620 1052 1659 Forsan
1093 1628 1214 1660 tamen
1255 1628 1310 1660 est
1345 1625 1409 1669 ἑός
1435 1620 1525 1658 ab
1509 1618 1552 1669 ός
1577 1635 1633 1659 se-

261 1675 461 1725 parandum
489 1682 527 1712 et
552 1688 635 1711 cum
665 1674 781 1711 forma
810 1676 873 1711 sui
877 1674 929 1725 -J’a
956 1675 1270 1727 conjungendum,
1287 1676 1400 1727 igitur
1424 1689 1491 1725 pro
1505 1677 1634 1723 σΡιός,

259 1727 326 1774 ι’·ός,
354 1730 467 1775 ΙΡεός,
487 1728 547 1776 ἑός
573 1742 656 1764 nam
685 1728 898 1778 saepissime
923 1728 1058 1766 hiatum
1101 1730 1284 1767 ostendit.
1328 1731 1371 1768 δέ
1407 1727 1468 1768 ἑόν
1506 1729 1635 1775 11.α,

260 1783 350 1819 533.
379 1788 505 1822 ἔπειτα
529 1784 576 1832 ἑῷ
606 1781 649 1818 ll.
679 1784 711 1828 λ,
738 1784 801 1819 47.
834 1799 873 1833 μ.
902 1783 965 1819 84.
996 1785 1028 1829 ξ,
1052 1784 1145 1821 223.
1173 1792 1277 1834 χεῖρα
1303 1782 1368 1836 ἑήν
1394 1782 1439 1818 li.
1470 1799 1496 1829 ι,
1539 1782 1629 1820 687.

259 1838 471 1875 ἐσκίδναντο
525 1835 591 1876 ἑήν
642 1834 686 1872 11.
743 1852 795 1888 ψ,
848 1837 888 1872 3.
942 1835 1052 1876 δώσει·
1113 1836 1175 1877 ἑόν
1227 1837 1271 1875 ΙΙ.
1399 1836 1494 1873 296.
1537 1839 1630 1877 ἐσκί-

259 1892 392 1928 δναντο
431 1888 478 1928 ἑα’
513 1889 588 1925 Od.
617 1892 653 1937 β,
679 1890 770 1926 258.
801 1904 835 1938 y,
880 1890 969 1926 387.
1014 1896 1141 1929 ἔπειτα
1181 1889 1240 1935 ἑήν
1277 1889 1351 1927 Od.
1394 1892 1430 1934 δ,
1459 1890 1549 1926 338-
1579 1907 1632 1930 τε·

258 1945 411 1992 λαμώνα
436 1945 481 1996 ἑή
508 1941 584 1979 od.
614 1944 647 1988 λ,
677 1943 784 1990 614.,
816 1942 930 1993 quod,
960 1944 992 1979 si
1012 1943 1092 1995 jam
1118 1945 1192 1983 F'
1182 1958 1219 1981 m
1249 1957 1379 1981 sonum
1401 1943 1537 1981 vocalis
1552 1958 1630 1981 mu·

256 2002 372 2033 tatum
401 2004 469 2046 est,
498 1996 592 2043 fieri,
620 2011 837 2047 quamquam
859 1997 1047 2034 'interdum
1075 1997 1131 2045 fit,
1160 2012 1235 2035 non
1264 1998 1452 2036 debuerat.

343 2084 419 2118 113.
448 2085 552 2119 Hom.
579 2083 705 2129 Hymn.
730 2084 772 2118 ad
794 2084 886 2118 Pana
911 2084 952 2118 19
976 2090 1009 2119 et
1031 2084 1130 2119 Terr.
1156 2085 1188 2119 9.
