1890 3002
827 180 1062 221 ...g-¹

261 296 323 328 aut
363 292 575 340 respuerent
602 290 638 326 et
663 298 705 326 re
732 300 808 326 non
835 289 989 341 amplius
1029 291 1161 342 agitata
1201 287 1376 342 digamma
1415 287 1626 328 describunt

262 358 344 382 esse
371 344 639 393 Aspirationem
666 343 870 381 Aeolicam.
930 344 1003 381 Sed
1035 347 1066 380 si
1095 346 1294 394 fragmenta
1319 349 1502 393 poetarum
1529 345 1628 380 Aeo·

261 397 414 434 licorum
440 394 660 446 perlustrare
687 395 870 445 volumus,
888 398 975 434 satis
1003 399 1072 435 erit
1098 397 1201 434 nobis
1224 410 1449 447 persuasum,
1469 396 1498 433 F
1514 397 1623 434 usita-

261 457 338 488 tum
365 463 444 487 esse
471 454 511 486 ut
538 454 680 487 celenas
708 451 894 501 simplices
936 458 1192 489 consonantes.
1245 452 1451 488 Invenimus
1497 453 1557 488 120
1585 456 1624 487 nt

261 505 292 542 F
317 502 493 555 producat
518 503 798 554 praecedentem
827 504 1002 558 syllabam
1030 504 1176 544 brevem
1202 504 1238 541 in
1266 517 1461 543 consonam
1489 518 1624 543 excun-

259 567 348 597 tem:
377 555 464 609 ἄτερ
494 558 617 598 Ρέθεν
642 567 853 605 υ-υᾉ
878 560 973 598 Alc.
1003 561 1066 598 2:o
1100 567 1141 598 ut
1178 558 1312 609 syllaba
1352 565 1477 597 natura
1516 560 1626 610 longa

256 616 337 649 ante
365 609 396 647 F
423 617 566 650 maneat
592 611 722 665 longa:
767 616 937 668 φαίνεται
966 613 1037 654 Fol
1068 612 1255 659 -υ-ξζ
1294 611 1438 663 Suppli.
1483 614 1545 651 3.·ο
1585 619 1624 650 ut

257 663 396 715 syllaba
423 666 462 702 in
489 666 654 704 vocalem
682 669 809 705 exiens
826 682 1022 718 numquam
1050 682 1132 705 cum
1151 672 1329 718 ‘sequente
1354 666 1547 715 vocabulo,
1564 668 1623 704 cui

256 717 437 769 digamma
464 718 638 768 adhaeret,
669 733 736 771 per
762 720 1022 772 Apostrophen
1049 719 1303 771 conjungatur,
1335 719 1399 758 sed
1418 732 1539 771 perse
1566 720 1621 757 ef-

254 770 333 808 ficit
360 785 514 819 moram,
544 786 697 824 eamque
720 774 883 823 brevem,
913 780 954 811 ut
976 776 1081 826 πῆδα
1105 772 1209 819 Feo'v,
1225 773 1359 810 Rorin.
1388 774 1413 810 i.
1443 771 1481 810 e.'
1496 777 1624 813 ’παῖδα

253 823 330 871 ἑόν,
355 824 471 876 ἐγώγα
497 824 647 866 ἄνασσα
677 832 714 864 ct
740 829 783 867 τὸ
809 822 871 881 ἦρ,
897 827 979 866 Alc.
1011 832 1051 863 ut
1083 825 1344 864 Schneidewin
1377 840 1398 863 e
1436 826 1537 862 libris
1564 840 1621 862 re-

255 878 376 916 stituit
402 880 494 917 —i.
527 894 560 917 e.
592 887 633 918 ut
659 880 762 931 apud‘
784 880 918 919 Aeoles
945 880 1094 919 caridem
1122 879 1252 917 habeat
1275 882 1346 918 vim
1367 894 1409 918 ac
1435 880 1530 931 apud
1543 880 1622 917 llo-

257 945 413 969 merum.
444 933 533 969 Eam
553 933 602 970 ob
622 947 767 970 causam
781 935 834 971 sic
861 934 906 970 ab
933 935 1012 970 istis
1039 933 1284 979 dissentimus,
1301 939 1341 970 ut
1367 934 1459 970 hanc
1486 935 1537 970 rei
1566 946 1621 969 ra—

255 986 395 1024 tionem
423 987 540 1024 secuti
568 986 676 1025 nobis
704 987 984 1038 persuadeamus
1012 987 1189 1038 digamma
1224 986 1338 1025 fuisse
1377 986 1528 1025 literam.
1582 986 1622 1024 Si

256 1045 445 1089 praeterea
475 1042 612 1090 scripta
652 1041 805 1077 aliorum
834 1041 1171 1087 Grammaticorum,
1200 1054 1291 1090 quae
1318 1041 1390 1078 huc
1424 1043 1619 1090 pertinent,

255 1106 525 1144 comparamuS,
556 1095 762 1133 invenimus
790 1094 884 1143 loca,
913 1108 1005 1145 quac
1031 1095 1100 1131 vim
1130 1095 1327 1132 sententiae
1354 1101 1390 1132 et
1418 1094 1543 1132 schol.
1584 1101 1622 1133 et

253 1148 433 1185 Prisciani
460 1149 676 1198 reprimunt.
733 1148 806 1186 Hic
832 1154 951 1199 potest
978 1148 1132 1198 primum
1162 1147 1374 1185 Victorinus
1400 1148 1494 1185 Afer
1519 1148 1619 1185 adhi-

254 1199 349 1248 beri,
367 1202 413 1248 is,
443 1202 507 1252 qui
534 1201 622 1238 dicit
637 1202 778 1239 literam
804 1202 834 1238 F
860 1203 981 1239 vocari
1008 1204 1171 1251 ὃίγαμμα
1186 1202 1263 1239 sive
1289 1202 1414 1241 Βαῦί.
1429 1216 1463 1239 e.
1481 1202 1631 1254 Fafi')‚.

255 1254 356 1291 unde
381 1254 495 1303 igitur
522 1260 621 1303 patet
648 1267 781 1291 nomen
815 1254 939 1292 literae
978 1261 1018 1290 ut
1043 1260 1240 1290 ceterarum
1267 1254 1447 1291 literarum
1475 1257 1620 1292 nomina

254 1321 276 1345 a
298 1320 340 1345 se
367 1306 450 1358 ipso
477 1306 674 1358 incepisse.
694 1307 829 1345 Errore
844 1306 973 1346 deinde
989 1305 1127 1345 laborat
1141 1306 1276 1345 dictum
1294 1306 1440 1345 Schol.:
1457 1310 1621 1358 δίγαμμα

251 1360 358 1412 παρὰ
385 1367 513 1409 μονοῒς
537 1368 615 1407 τοῖς
641 1365 819 1406 Βοιωτοῖς
843 1364 905 1400 καὶ
931 1360 1085 1400 Λάκωσι
1108 1363 1170 1399 καὶ
1194 1367 1269 1407 τοῖς
1289 1364 1481 1400 Αἰολεῦσιν
1524 1367 1621 1400 ἔστιν

252 1414 504 1467 εὑρίσκεσθαι.
558 1413 737 1453 Numerat
765 1415 860 1452 enim
891 1414 1067 1466 Tryphon
1092 1412 1354 1452 Grammaticus
1390 1417 1472 1468 περὶ
1496 1416 1622 1462 λεξέων

252 1468 291 1518 ἕ.
325 1470 386 1504 11.
417 1468 506 1504 alias
535 1467 724 1511 dialectos,
766 1481 858 1517 quac
886 1468 922 1504 id
957 1470 1062 1504 etiam
1102 1475 1338 1516 usurparunt:
1380 1472 1621 1517 προστίθεται

251 1520 293 1562 τό
321 1523 490 1571 δίγαμμα
516 1521 620 1572 παρὰ
648 1537 686 1560 τε
706 1519 809 1561 Ἴωσι
833 1522 895 1571 κᾳὶ
917 1522 1089 1561 Αἰολεῦσι
1114 1522 1175 1561 καὶ
1195 1524 1375 1571 Δωριεῦσι
1405 1524 1465 1561 καὶ
1485 1521 1620 1562 Λάκω-

249 1590 289 1615 σι
314 1577 378 1614 καὶ
404 1577 585 1622 Βοιωτοῖς
610 1576 689 1614 οἷον
714 1572 818 1620 ἄναξ,
844 1573 981 1620 Γάναξ,
1003 1575 1125 1614 Ἑλένα
1151 1574 1285 1614 Εελένα
1313 1595 1362 1605 --
1398 1575 1507 1612 verba
1536 1575 1616 1626 ejus

254 1629 444 1680 gravitatis
473 1634 514 1666 ut
548 1628 811 1679 persuaderent
858 1628 1055 1680 Wolfio'')
1085 1627 1129 1667 dc
1158 1629 1304 1667 veritate
1341 1629 1478 1678 literae,
1507 1644 1616 1679 quam

251 1688 356 1720 antea
384 1681 624 1718 dubitaverat.

336 1805 533 1839 radit-alium
556 1803 721 1847 originem
746 1803 853 1836 literis
876 1808 908 1837 Σ
927 1804 995 1837 sive
1020 1805 1046 1837 F
1068 1805 1201 1846 dehent,
1226 1816 1302 1850 pars
1326 1804 1460 1839 minima
1482 1811 1552 1838 orta
1565 1813 1616 1840 est

336 1863 378 1883 cx
403 1850 513 1883 literis
528 1849 684 1894 aspiratis
710 1853 754 1885 (Ι),
777 1849 826 1890 Χ,
844 1850 873 1883 Θ
895 1847 965 1882 sive
986 1850 1096 1883 locum
1118 1851 1171 1884 τοῦ
1195 1850 1231 1881 Κ
1250 1855 1305 1882 aut
1322 1848 1338 1893 j
1358 1849 1485 1896 implet.
1512 1851 1610 1884 conr.

338 1907 423 1939 quac
448 1894 483 1926 in
507 1895 570 1927 hoe
601 1898 835 1937 argumentum
868 1892 948 1925 dicit
981 1894 1095 1934 Gkse,
1150 1896 1242 1928 uellet·
1276 1900 1329 1929 ben
1364 1898 1444 1931 ffleol.
1481 1896 1614 1932 miolett.

335 1943 425 1975 ffierl.
455 1939 545 1980 1857.
570 1937 616 1970 ΙΙ.
643 1938 685 1970 Β.
717 1937 747 1968 ll
772 1936 856 1982 Cap.
883 1949 959 1982 pag.
983 1937 1169 1971 224-304.

291 2004 319 2047 ³)
345 2001 443 2033 Conf.
470 2000 636 2078 Sylburijq.
656 1990 738 2090 §De
761 1999 867 2044 Alph.
895 1995 1034 2033 Graeco.
1072 2013 1106 2046 p.
1141 2001 1162 2033 8
1190 2003 1223 2030 ct
1244 1998 1439 2032 Buttmann.
1474 1998 1609 2033 Griech.

336 2044 484 2080 Gramm.
511 2044 540 2088 Ι,
567 2045 582 2077 1
679 2069 687 2077 .
712 2044 747 2077 2.

288 2090 335 2134 .”)
356 2090 396 2125 ld
416 2090 490 2135 ipse
516 2089 702 2135 profitetur
724 2088 760 2121 in
780 2086 960 2122 Analectis
982 2089 1050 2122 suis
1063 2088 1108 2130 ll,
1134 2089 1164 2121 1.
1179 2109 1217 2117 —
1230 2090 1285 2124 Ad
1300 2088 1495 2124 sententiam
1514 2099 1616 2133 supra
