1890 3002
419 406 497 449 Dc
527 408 1085 455 transmutationibus
1118 411 1474 471 digammatis.

359 499 553 554 Digamma
608 516 692 542 cum
747 519 767 543 e
818 506 946 560 lingua
1002 508 1225 548 Graecorum
1272 521 1489 548 evanescere
1541 522 1624 548 coe-

250 554 318 603 pit,
348 554 385 590 in
413 556 538 594 multis
572 558 764 597 vocabulis
805 561 955 613 majoris
996 563 1170 602 momenti
1210 561 1321 599 fuerit
1360 575 1512 601 neeesse
1553 570 1622 613 est,

249 620 358 657 quam
384 617 425 648 ut
451 625 606 661 prorsus
639 613 822 663 praemitti
849 623 911 653 aut
939 615 1024 667 ejici
1058 617 1267 667 potuissem
1307 615 1399 653 Cum
1428 616 1623 666 obsolevit,

248 663 492 712 temporibus,
523 665 660 717 quibus
687 681 748 704 ars
776 668 964 707 scribendi
990 671 1158 708 usitatior
1184 670 1279 707 facta
1296 675 1364 718 est,
1386 684 1407 708 a
1436 673 1622 722 scriptori-

246 712 318 751 bus
347 730 415 766 pro
443 718 584 769 majore
611 721 797 759 minoreve
824 724 874 771 vi,
905 738 976 774 qua
1003 723 1234 774 protulerunt
1259 723 1402 773 Graeci,
1431 726 1542 762 modo
1561 741 1621 764 ex-

245 769 474 818 primebatur
502 772 631 822 literis,
662 788 755 825 quae
781 775 962 815 Labiales
990 777 1174 826 dicuntur,
1201 780 1239 827 β,
1266 792 1307 821 π,
1337 793 1379 831 φ,
1404 794 1445 829 μ,
1472 779 1552 816 Lat.
1578 778 1619 828 b,

245 836 286 872 p,
320 822 349 870 f,
379 840 424 874 v;
453 827 564 864 modo
592 828 779 866 vocalibus
794 846 818 869 v
834 829 923 882 (ov),
941 847 955 871 ι
983 852 1032 861 -
1048 845 1141 882 quae
1157 845 1238 869 cum
1255 832 1489 871 antecedente
1504 834 1621 871 vocali

247 877 287 912 in
316 876 542 931 diphtongos
580 896 643 928 av,
668 897 722 929 ευ,
749 898 811 935 ηυ,
838 899 895 931 ου,
932 899 999 931 mv,
1026 900 1070 931 ει,
1098 900 1146 931 οι,
1172 901 1207 924 οι
1233 884 1444 923 coaluerunt
1469 909 1484 915 -
1508 888 1620 924 inter-

248 929 337 968 dum
360 949 378 973 ε
404 940 441 971 et
469 951 501 973 0.
527 934 589 972 Ad
616 949 703 972 vcro
730 935 795 973 has
832 939 1050 976 mutationes
1095 938 1396 976 demonstrandas
1436 940 1617 992 quaestio-

246 997 405 1035 nemque
435 990 746 1025 transmutationis
775 997 874 1028 recte
915 992 1188 1040 instituendam,
1228 1005 1484 1042 provocamus,
1518 996 1618 1046 quod

247 1038 547 1093 qualitercunque
573 1043 756 1093 persecuti
785 1057 925 1094 sumus,
956 1050 997 1082 ut
1025 1045 1205 1098 digamma
1232 1044 1334 1083 litera
1370 1047 1417 1084 sit
1460 1051 1614 1087 semivo-

244 1093 337 1129 calis
364 1096 388 1130 i.
421 1109 454 1131 e.
482 1096 560 1145 pari
587 1096 697 1133 modo
727 1099 962 1135 consonantis
990 1099 1111 1136 locum
1140 1101 1345 1150 susceperit
1370 1108 1479 1154 atque
1507 1116 1612 1140 voca-

240 1147 285 1181 tis
316 1153 351 1184 et
378 1150 415 1184 in
446 1151 738 1198 pronuntiatione
765 1153 942 1190 rationem
969 1152 1163 1190 labialium
1190 1160 1418 1204 sequeretur.
1474 1157 1612 1196 Natura

230 1198 309 1249 jam
322 1201 597 1251 mutationibus,
639 1218 730 1254 quas
755 1207 1029 1255 proposuimus,
1050 1221 1124 1244 non
1155 1206 1310 1255 obstitit,
1328 1222 1608 1262 recensumque‚

239 1261 414 1303 quantum
441 1258 640 1305 possimuS,
670 1257 932 1295 vocabulorum
961 1259 1141 1297 dabimus.
1187 1260 1332 1308 Quibus
1360 1265 1609 1304 tantummodo

238 1308 389 1356 spiritus
418 1308 684 1346 substituerunt
710 1311 749 1346 in
775 1312 943 1362 sequenti
979 1311 1018 1363 §-
1048 1319 1316 1350 enumerantur.

642 1381 674 1417 1.
704 1380 765 1419 De
793 1383 1015 1433 diqammale
1049 1385 1231 1421 Consano.

240 1461 242 1463 .
342 1432 533 1483 Digamma
558 1434 637 1469 sive
658 1437 768 1480 Bon),
812 1443 825 1477 Ἰ
854 1435 1096 1484 Phoenicum,
1140 1443 1181 1474 ut
1219 1451 1380 1476 consona
1407 1439 1508 1476 litera
1537 1441 1608 1479 suit

234 1483 338 1521 litera
367 1485 505 1523 labialis
533 1491 569 1521 et
596 1487 633 1522 in
662 1487 838 1538 syllabam
868 1503 950 1526 eum
978 1491 1184 1542 insequenti
1204 1491 1319 1528 vocali
1347 1506 1548 1530 connexum
1559 1495 1601 1547 ¹¹),

231 1543 267 1574 et
294 1540 402 1576 sicuti
430 1551 557 1577 omnes
596 1539 723 1579 literae
768 1542 938 1581 Labiales
972 1544 1068 1582 inter
1094 1553 1134 1582 se
1162 1550 1246 1582 sunt
1273 1552 1448 1596 cognatae
1474 1547 1601 1586 altera·

232 1606 303 1642 que
331 1607 412 1630 cum
441 1594 552 1631 altera
581 1601 839 1646 commutatur,
870 1598 918 1634 ita
941 1597 1120 1649 digamma
1147 1598 1290 1649 legibus
1317 1599 1519 1651 euphoniae
1534 1603 1598 1640 ob-

230 1648 386 1684 servatis
415 1661 498 1685 cum
526 1648 595 1684 alia
619 1652 658 1698 β,
687 1666 726 1695 π,
752 1666 794 1704 φ,
821 1667 850 1700 μ
876 1654 1089 1689 commutari
1114 1653 1210 1690 licet.

630 1718 666 1769 a)
694 1720 897 1771 Diqamma
922 1728 1081 1760 mutatur
1107 1724 1143 1760 in
1169 1728 1204 1772 β.

328 1770 522 1820 Digamma
549 1776 635 1808 ante
662 1786 684 1821 ρ
708 1774 870 1823 positum
898 1774 943 1810 ab
971 1775 1147 1812 Aeolibus
1174 1783 1348 1815 mutatum
1386 1793 1468 1816 esse
1510 1780 1546 1817 in
1572 1785 1598 1830 β

221 1821 328 1860 docet
355 1825 581 1862 Priscianus
608 1825 633 1861 l.
666 1839 699 1862 c.
731 1827 763 1873 1,
782 1828 870 1869 ,233
900 1828 965 1865 ’Ἰιι
992 1833 1018 1877 β
1043 1830 1135 1867 solet
1162 1831 1259 1881 apud
1284 1834 1419 1872 Aeoles
1438 1835 1592 1872 transire

220 1876 414 1926 digamma,
445 1879 593 1928 quoties
619 1878 665 1914 ab
694 1894 715 1928 (ι
744 1882 872 1931 incipit
907 1882 1030 1931 dictio,
1075 1897 1167 1934 quae
1209 1885 1302 1923 solet
1341 1888 1506 1938 aspirari,
1552 1894 1593 1925 ut

218 1928 343 1985 ῥήτωρ
370 1929 519 1985 βρήτωρ
549 1931 716 1970 dieunt.''
761 1956 811 1964 ·—·
840 1949 877 1985 p.
923 1936 994 1973 24:
1037 1934 1195 1977 ’'Aeoles
1237 1939 1318 1978 loeo
1358 1943 1590 1992 aspirationis

218 1985 401 2036 digamma
426 1992 608 2036 ponentes
634 1988 672 2024 in
699 1989 920 2026 dictionibus
948 1990 993 2027 ab
1020 2006 1041 2043 ρ
1069 1993 1342 2045 incipientibus,
1374 1996 1493 2034 solent
1507 1996 1590 2034 loco

253 2110 294 2155 ς3)
341 2110 521 2152 Καυ-ιέξαις
542 2121 605 2156 pro
627 2109 818 2153 κα-Γάξαις,
838 2111 941 2149 αἶ’-αὖε
964 2126 1026 2161 pro
1037 2115 1166 2161 ἕ-Ραδε,
1179 2118 1321 2162 dei-optat
1341 2129 1403 2165 pro
1418 2119 1585 2162 ‹ii-Foptm.
