1890 3002
851 188 1115 224 —34-

381 293 561 340 καυάξαις
583 291 674 328 Hes.
707 291 783 343 Op.
818 293 909 332 666.
941 295 1030 332 691.
1058 294 1085 332 i.
1117 308 1151 332 e.
1183 292 1375 344 καΕάξαις
1407 309 1452 335 ex
1492 311 1539 337 κα
1585 312 1654 349 pro

276 347 370 388 κατά
387 348 420 398 ’)
448 354 483 384 et
508 344 694 395 Γάγνυμι.
721 346 819 385 Vide
847 363 880 386 s.
911 364 948 386 v.
1638 375 1641 380 .

380 401 512 441 εὐάδον
538 401 563 438 i.
597 413 636 457 ε.
663 401 812 442 ἐἙαδον
841 403 886 442 ab
916 402 1080 451 duddvm,
1105 401 1322 456 quod'vidc
1346 404 1457 442 infra.

381 455 541 505 εὔκηλος.
571 455 628 492 De
655 455 723 493 hac
750 471 842 495 voce
870 459 953 496 vide
974 459 1117 495 Buttm.
1147 457 1263 495 Lex'it.
1296 459 1326 504 Ι,
1361 460 1448 495 145.

379 508 601 558 ταλαύρινος
628 522 794 561 compos·
825 526 870 549 ex
890 510 1007 560 τάλας
1033 518 1069 550 et
1095 511 1206 567 ῥινός,
1233 510 1279 548 de
1319 511 1426 564 cujus
1453 512 1555 549 vocis
1596 510 1649 548 di-

275 569 451 614 gammate
478 563 665 614 Hesychic'
688 568 814 615 γρινός
839 568 866 604 i.
897 581 931 604 e.
961 568 1102 618 Ερινός
1125 565 1289 604 testatur.

373 631 542 669 Deinde:
574 631 690 685 αὐήρ,
715 633 864 679 admon,
904 632 1004 684 αὔρα
1045 634 1137 672 fles·
1185 632 1296 685 ἅβρα,
1335 628 1439 680 αὖος,
1479 633 1652 680 αὐαλέος.

270 680 397 724 αὐάτα
429 686 538 722 Pind.
574 687 686 734 Pyth.
718 688 787 736 ln,
818 688 882 724 42.
913 687 1083 735 αύΐδετος
1109 687 1170 739 (ex
1209 688 1387 733 ἀ-Ειδεῖν,
1422 687 1650 737 invisibiflis),

272 735 460 790 αὔρηκτος
503 738 689 791 (compos.
735 755 779 777 ex
820 757 845 780 α
872 747 908 778 et
933 740 1141 794 Ερήγνυμι,
1182 742 1285 779 conf.
1331 739 1499 793 frango),
1537 739 1651 787 αὔως,

274 793 508 847 φαυόφορος,
535 797 650 842 ναῦος
677 794 789 832 Lesb.
820 795 940 833 2166.
972 796 1036 833 38.
1062 794 1218 849 παραύα
1232 795 1389 846 aliaque,
1407 808 1499 846 quae
1523 795 1560 832 in
1579 809 1648 832 una

272 848 527 883 tantummodo
555 848 711 885 dialecto
740 856 952 897 occurrunt,
983 852 1066 901 quia
1112 864 1132 887 e
1159 849 1315 898 duabus,
1337 863 1430 901 quae
1465 849 1572 886 simul
1611 864 1647 885 a·

274 902 405 939 derant
432 902 577 951 formis,
607 902 781 941 dialectus
810 903 947 942 alterae
969 905 1117 943 aiteram
1144 905 1368 956 praeposuit,

382 955 421 1007 b)
451 957 643 1007 Digamma
672 957 799 995 vocale
826 959 926 1008 quod
955 965 1152 1011 cognatum
1181 960 1349 996 novimus
1364 956 1480 993 vocali
1500 972 1539 1002 υ,
1555 970 1646 1006 quo-

276 1023 348 1060 que
376 1016 524 1060 apparet
550 1017 590 1047 ut
618 1011 755 1048 vocalis
782 1012 877 1064 2³³⁸).

381 1084 416 1117 1.
448 1080 562 1117 Multa
589 1080 700 1118 verba
726 1079 774 1118 ab
802 1098 819 1121 ε
858 1082 1069 1132 incipientia
1108 1086 1145 1118 et
1183 1085 1418 1132 augmentum
1445 1095 1476 1119 ει
1515 1078 1646 1130 praeti-

273 1136 394 1184 gentia
423 1135 519 1171 hanc
547 1135 789 1185 diphtongum
820 1135 956 1172 debent
984 1136 1207 1186 digammati.

382 1187 485 1225 Haec
517 1188 643 1239 regula
672 1188 814 1239 vuigari
852 1188 1067 1226 adversatur
1107 1193 1302 1239 praecepto
1351 1201 1394 1225 ex
1452 1199 1526 1237 quo
1571 1186 1647 1222 for-

273 1255 354 1278 mae
383 1240 615 1294 εἰργαζόμην,
646 1245 761 1281 εἶλκον
789 1256 824 1279 e.
855 1257 888 1279 s.
916 1257 955 1292 p.
986 1242 1161 1279 suhnatae
1197 1242 1370 1279 dicuntur
1403 1254 1449 1277 ex
1489 1239 1649 1290 ἐεργαζό·

272 1312 362 1349 μην,
390 1299 520 1334 ἐέλκον.
549 1295 589 1332 Si
615 1296 651 1332 in
680 1295 750 1332 hoc
777 1297 1010 1347 acquiescere
1031 1295 1197 1344 velimus,
1216 1301 1423 1347 quaeratur,
1441 1307 1506 1331 cur
1532 1295 1644 1331 Grae-

272 1351 305 1386 ci
337 1363 411 1386 non
441 1350 598 1387 dixerint
624 1350 823 1403 εἰράσθην,
846 1353 1001 1390 &nv-‘rm‘
1025 1364 1059 1387 e.
1099 1364 1133 1387 s.
1162 1364 1201 1401 p.
1243 1363 1312 1400 pro
1338 1348 1521 1404 ἐράσθην,
1561 1347 1648 1402 ἤλυ-

272 1410 359 1443 θον.
414 1403 502 1440 Sine
529 1403 641 1440 dubio
669 1417 777 1440 causa
807 1404 946 1452 aderat,
976 1418 1070 1455 quae
1109 1403 1351 1455 diphtongum
1380 1419 1411 1442 ει
1437 1403 1579 1453 genuit,
1610 1409 1646 1439 et

274 1457 362 1507 quid
391 1458 484 1506 quis}
509 1458 545 1493 in
575 1458 643 1493 hac
664 1471 785 1493 rerum
813 1458 1051 1507 congruentia
1079 1469 1162 1493 esse
1190 1470 1321 1493 causae
1346 1462 1462 1506 putet,
1493 1456 1563 1491 nisi
1592 1456 1645 1491 di-

276 1522 431 1561 gamma,
457 1509 563 1561 cujus
592 1512 648 1547 vis
674 1524 756 1547 cum
785 1511 992 1561 posteriore
1018 1517 1182 1561 tempore
1196 1511 1506 1561 exstingueretur,
1522 1515 1646 1546 aucto-

276 1579 335 1601 res
363 1564 529 1615 singulas
558 1565 695 1601 formas
724 1565 904 1601 formarat
940 1579 983 1602 ac
1020 1566 1052 1601 si
1084 1564 1188 1602 litera
1230 1578 1427 1616 numquam
1466 1564 1644 1600 affuisset.

276 1619 330 1655 lta
360 1618 567 1656 divinantur
592 1619 777 1670 augmenti
804 1619 841 1655 in
865 1635 890 1672 η
917 1618 1098 1670 exempla.

398 1742 599 1776 vocabulum
623 1754 664 1775 ex
686 1742 753 1786 ἰαχή
784 1749 819 1776 ct
838 1756 860 1776 α
882 1743 995 1788 copul.
1020 1760 1060 1770 --
1084 1742 1196 1776 Lehrs
1218 1742 1254 1775 in
1288 1741 1344 1775 ed.
1383 1737 1493 1773 Paris.
1531 1739 1646 1773 lectio-

397 1800 476 1821 nem
505 1787 628 1833 Quinti
648 1786 833 1832 Smyrnaei
853 1786 888 1819 in
902 1800 912 1817 ε
956 1789 1019 1822 τῶν
1037 1787 1109 1831 μεθ’
1135 1787 1272 1831 Ὅμηρον
1292 1801 1333 1831 ιγ,
1357 1782 1411 1820 70.
1436 1782 1552 1829 ἀνιάχοι
1574 1785 1648 1818 vul-

392 1845 508 1877 garem
531 1831 566 1864 in
589 1832 707 1876 αὐΐαχοι
727 1831 888 1865 restituit.

341 1896 374 1943 ¹)
400 1894 492 1928 Vide
513 1893 564 1928 A.
590 1893 743 1951 Webes.
769 1894 811 1949 de
833 1893 915 1929 κατὰ
924 1893 1206 1972 Ιἐπι-ιιεροεὶίίοιιίρ
1242 1905 1404 1949 apocope.
1452 1889 1645 1941 Torgoviae

405 1940 514 1973 1835.
540 1939 655 1972 Aliter
678 1939 832 1985 Gooelmg
861 1939 903 1971 ad
958 1953 1009 1973 es.
1034 1940 1105 1984 Op.
1127 1940 1206 1972 660.

319 2000 368 2048 '*)
401 2000 614 2046 Argumento
636 1998 775 2054 confinii
796 1998 885 2034 inter
907 2011 1008 2034 sonos
1039 2013 1059 2035 v
1091 2006 1125 2035 et
1158 2014 1168 2035 ι
1203 1999 1278 2035 siut·
1306 2000 1413 2046 γλυκύς
1450 2008 1485 2036 et
1520 2001 1642 2047 dulcis,

399 2049 499 2089 γαρύω
523 2052 557 2080 et
577 2058 702 2090 garno,
725 2048 780 2089 μεῦ
800 2052 836 2079 et
857 2045 937 2088 mei,
958 2051 1052 2088 μοῖσα
1073 2053 1107 2079 et
1127 2047 1244 2089 μοῦσα,
1270 2046 1451 2090 ἀνθρώποις
1481 2047 1645 2092 (Aecus.)

399 2094 434 2121 et
453 2089 650 2135 ἀνθρώπους,
669 2088 721 2124 72³2
741 2090 801 2135 gui
823 2096 858 2123 et
878 2087 931 2132 ²272
951 2088 1167 2134 gi1,.laet'u·i.
1349 2108 1353 2112 -
