<?xml version="1.0" encoding="UTF-8"?>
<!DOCTYPE html PUBLIC "-//W3C//DTD XHTML 1.0 Transitional//EN"
    "http://www.w3.org/TR/xhtml1/DTD/xhtml1-transitional.dtd">
<html xmlns="http://www.w3.org/1999/xhtml" xml:lang="en" lang="en">
 <head>
  <title>
</title>
<meta http-equiv="Content-Type" content="text/html;charset=utf-8" />
  <meta name='ocr-system' content='tesseract 3.04.00' />
  <meta name='ocr-capabilities' content='ocr_page ocr_carea ocr_par ocr_line ocrx_word'/>
</head>
<body>
  <div class='ocr_page' id='page_1' title='image "./4630617_0045.png"; bbox 0 0 1890 3002; ppageno 0'>
   <div class='ocr_carea' id='block_1_1' title="bbox 828 216 1086 253">
    <p class='ocr_par' dir='ltr' id='par_1_1' title="bbox 828 216 1086 253">
     <span class='ocr_line' id='line_1_1' title="bbox 828 216 1086 253; baseline 0 -8"><span class='ocrx_word' id='word_1_1' title='bbox 828 216 1086 253; x_wconf 79' lang='grc'><strong>..36-</strong></span> 
     </span>
    </p>
   </div>
   <div class='ocr_carea' id='block_1_2' title="bbox 264 320 1657 807">
    <p class='ocr_par' dir='ltr' id='par_1_2' title="bbox 264 320 1638 579">
     <span class='ocr_line' id='line_1_2' title="bbox 370 320 1637 378; baseline 0.001 -14"><span class='ocrx_word' id='word_1_2' title='bbox 370 326 412 364; x_wconf 84' lang='grc'><strong>2.</strong></span> <span class='ocrx_word' id='word_1_3' title='bbox 444 325 602 364; x_wconf 80' lang='lat' dir='ltr'>Nomina</span> <span class='ocrx_word' id='word_1_4' title='bbox 628 320 823 374; x_wconf 78' lang='lat' dir='ltr'><strong>Adjeetiva</strong></span> <span class='ocrx_word' id='word_1_5' title='bbox 850 337 871 361; x_wconf 88' lang='lat' dir='ltr'><strong>a</strong></span> <span class='ocrx_word' id='word_1_6' title='bbox 899 321 1146 363; x_wconf 81' lang='lat' dir='ltr'><strong>Substantivis</strong></span> <span class='ocrx_word' id='word_1_7' title='bbox 1175 324 1212 362; x_wconf 90' lang='lat' dir='ltr'><strong>in</strong></span> <span class='ocrx_word' id='word_1_8' title='bbox 1239 323 1302 374; x_wconf 78' lang='grc' dir='ltr'><strong>εύς</strong></span> <span class='ocrx_word' id='word_1_9' title='bbox 1325 325 1492 378; x_wconf 77' lang='lat' dir='ltr'><strong>profecta</strong></span> <span class='ocrx_word' id='word_1_10' title='bbox 1521 331 1557 364; x_wconf 81' lang='lat' dir='ltr'><strong>et</strong></span> <span class='ocrx_word' id='word_1_11' title='bbox 1597 326 1637 364; x_wconf 90' lang='lat' dir='ltr'><strong>in</strong></span> 
     </span>
     <span class='ocr_line' id='line_1_3' title="bbox 264 376 1638 433; baseline -0.001 -16"><span class='ocrx_word' id='word_1_12' title='bbox 264 378 349 433; x_wconf 80' lang='grc' dir='ltr'><strong><em>ήιος</em></strong></span> <span class='ocrx_word' id='word_1_13' title='bbox 373 381 399 418; x_wconf 90' lang='lat' dir='ltr'><strong>i.</strong></span> <span class='ocrx_word' id='word_1_14' title='bbox 430 393 463 417; x_wconf 89' lang='lat' dir='ltr'><strong>e.</strong></span> <span class='ocrx_word' id='word_1_15' title='bbox 493 380 604 427; x_wconf 71' lang='grc' dir='ltr'><em>έΕιος</em></span> <span class='ocrx_word' id='word_1_16' title='bbox 629 378 798 415; x_wconf 87' lang='lat' dir='ltr'><strong>exeuntia</strong></span> <span class='ocrx_word' id='word_1_17' title='bbox 826 376 1054 430; x_wconf 75' lang='lat' dir='ltr'><strong>digammatis</strong></span> <span class='ocrx_word' id='word_1_18' title='bbox 1081 390 1189 415; x_wconf 81' lang='lat' dir='ltr'><strong>causa</strong></span> <span class='ocrx_word' id='word_1_19' title='bbox 1216 380 1378 418; x_wconf 88' lang='lat' dir='ltr'><strong>nondum</strong></span> <span class='ocrx_word' id='word_1_20' title='bbox 1405 382 1443 419; x_wconf 90' lang='lat' dir='ltr'><strong>in</strong></span> <span class='ocrx_word' id='word_1_21' title='bbox 1467 389 1539 429; x_wconf 82' lang='grc' dir='ltr'><strong><em>εἷος</em></strong></span> <span class='ocrx_word' id='word_1_22' title='bbox 1552 386 1638 417; x_wconf 77' lang='lat' dir='ltr'><strong>suut</strong></span> 
     </span>
     <span class='ocr_line' id='line_1_4' title="bbox 268 440 1090 474; baseline -0.002 -3"><span class='ocrx_word' id='word_1_23' title='bbox 268 440 475 474; x_wconf 74' lang='lat' dir='ltr'><strong>contracta:</strong></span> <span class='ocrx_word' id='word_1_24' title='bbox 1087 442 1090 443; x_wconf 72' lang='grc'>’</span> 
     </span>
     <span class='ocr_line' id='line_1_5' title="bbox 274 480 1637 540; baseline -0.001 -14"><span class='ocrx_word' id='word_1_25' title='bbox 274 480 278 483; x_wconf 38' lang='lat'><strong>⁴</strong></span> <span class='ocrx_word' id='word_1_26' title='bbox 369 484 539 538; x_wconf 73' lang='grc' dir='ltr'><strong><em>βασιλεύς</em></strong></span> <span class='ocrx_word' id='word_1_27' title='bbox 565 506 583 513; x_wconf 90' lang='grc'>-</span> <span class='ocrx_word' id='word_1_28' title='bbox 609 486 721 534; x_wconf 75' lang='grc' dir='ltr'><strong><em>λεέίος</em></strong></span> <span class='ocrx_word' id='word_1_29' title='bbox 746 507 763 515; x_wconf 89' lang='grc'><strong>-</strong></span> <span class='ocrx_word' id='word_1_30' title='bbox 793 484 905 540; x_wconf 81' lang='grc' dir='ltr'><em>λήιος.</em></span> <span class='ocrx_word' id='word_1_31' title='bbox 932 484 1012 524; x_wconf 85' lang='lat' dir='ltr'><strong>Att.</strong></span> <span class='ocrx_word' id='word_1_32' title='bbox 1040 487 1220 536; x_wconf 77' lang='grc' dir='ltr'><strong><em>βασίλειος</em></strong></span> <span class='ocrx_word' id='word_1_33' title='bbox 1245 499 1264 523; x_wconf 82' lang='lat' dir='ltr'><strong>a</strong></span> <span class='ocrx_word' id='word_1_34' title='bbox 1290 490 1473 538; x_wconf 78' lang='grc' dir='ltr'><strong><em>βασιλεϊος</em></strong></span> <span class='ocrx_word' id='word_1_35' title='bbox 1500 487 1637 539; x_wconf 76' lang='lat' dir='ltr'><strong>‹ligam-</strong></span> 
     </span>
     <span class='ocr_line' id='line_1_6' title="bbox 266 542 538 579; baseline -0.007 0"><span class='ocrx_word' id='word_1_36' title='bbox 266 548 360 579; x_wconf 85' lang='lat' dir='ltr'><strong>mate</strong></span> <span class='ocrx_word' id='word_1_37' title='bbox 387 542 538 578; x_wconf 86' lang='lat' dir='ltr'><strong>omisso.</strong></span> 
     </span>
    </p>

    <p class='ocr_par' dir='ltr' id='par_1_3' title="bbox 264 592 1657 807">
     <span class='ocr_line' id='line_1_7' title="bbox 372 592 1639 644; baseline 0 -13"><span class='ocrx_word' id='word_1_38' title='bbox 372 595 410 631; x_wconf 88' lang='grc'><strong>3.</strong></span> <span class='ocrx_word' id='word_1_39' title='bbox 443 593 597 644; x_wconf 72' lang='lat' dir='ltr'><strong>Singula</strong></span> <span class='ocrx_word' id='word_1_40' title='bbox 625 592 802 631; x_wconf 80' lang='lat' dir='ltr'><strong>vocabula</strong></span> <span class='ocrx_word' id='word_1_41' title='bbox 830 592 928 643; x_wconf 87' lang='lat' dir='ltr'><strong>apud</strong></span> <span class='ocrx_word' id='word_1_42' title='bbox 970 607 1062 643; x_wconf 84' lang='lat' dir='ltr'><strong>quae</strong></span> <span class='ocrx_word' id='word_1_43' title='bbox 1105 593 1282 644; x_wconf 76' lang='lat' dir='ltr'><strong>dig-amma</strong></span> <span class='ocrx_word' id='word_1_44' title='bbox 1321 594 1359 630; x_wconf 90' lang='lat' dir='ltr'><strong>in</strong></span> <span class='ocrx_word' id='word_1_45' title='bbox 1386 611 1404 633; x_wconf 78' lang='grc' dir='ltr'><em>ε</em></span> <span class='ocrx_word' id='word_1_46' title='bbox 1429 602 1466 632; x_wconf 86' lang='lat' dir='ltr'><strong>et</strong></span> <span class='ocrx_word' id='word_1_47' title='bbox 1494 612 1514 634; x_wconf 92' lang='grc' dir='ltr'>ο</span> <span class='ocrx_word' id='word_1_48' title='bbox 1540 601 1639 631; x_wconf 86' lang='lat' dir='ltr'><strong>trau-</strong></span> 
     </span>
     <span class='ocr_line' id='line_1_8' title="bbox 265 646 1633 702; baseline 0 -17"><span class='ocrx_word' id='word_1_49' title='bbox 265 649 326 697; x_wconf 90' lang='lat' dir='ltr'><strong>sit,</strong></span> <span class='ocrx_word' id='word_1_50' title='bbox 357 655 393 686; x_wconf 85' lang='lat' dir='ltr'><strong>et</strong></span> <span class='ocrx_word' id='word_1_51' title='bbox 418 661 512 699; x_wconf 86' lang='lat' dir='ltr'><strong>quae</strong></span> <span class='ocrx_word' id='word_1_52' title='bbox 540 648 662 685; x_wconf 88' lang='lat' dir='ltr'><strong>omnia</strong></span> <span class='ocrx_word' id='word_1_53' title='bbox 688 646 786 684; x_wconf 81' lang='lat' dir='ltr'><strong>infra</strong></span> <span class='ocrx_word' id='word_1_54' title='bbox 812 653 1089 685; x_wconf 78' lang='lat' dir='ltr'>enumerantur:</span> <span class='ocrx_word' id='word_1_55' title='bbox 1131 648 1201 685; x_wconf 84' lang='lat' dir='ltr'><strong>cfr.</strong></span> <span class='ocrx_word' id='word_1_56' title='bbox 1243 650 1362 696; x_wconf 77' lang='grc' dir='ltr'><strong><em>ἔεδνα,</em></strong></span> <span class='ocrx_word' id='word_1_57' title='bbox 1391 651 1512 701; x_wconf 76' lang='grc' dir='ltr'><strong><em>ἐέρση,</em></strong></span> <span class='ocrx_word' id='word_1_58' title='bbox 1550 647 1633 702; x_wconf 59' lang='lat' dir='ltr'><strong>Sag).</strong></span> 
     </span>
     <span class='ocr_line' id='line_1_9' title="bbox 265 701 1637 753; baseline 0.001 -15"><span class='ocrx_word' id='word_1_59' title='bbox 265 703 357 739; x_wconf 85' lang='lat' dir='ltr'><strong>Cum</strong></span> <span class='ocrx_word' id='word_1_60' title='bbox 385 716 457 753; x_wconf 86' lang='lat' dir='ltr'><strong>qua</strong></span> <span class='ocrx_word' id='word_1_61' title='bbox 484 702 684 739; x_wconf 78' lang='lat' dir='ltr'><strong>mutatione</strong></span> <span class='ocrx_word' id='word_1_62' title='bbox 711 715 787 738; x_wconf 90' lang='lat' dir='ltr'><strong>non</strong></span> <span class='ocrx_word' id='word_1_63' title='bbox 815 701 1117 738; x_wconf 83' lang='lat' dir='ltr'><strong>confundendum</strong></span> <span class='ocrx_word' id='word_1_64' title='bbox 1145 709 1214 750; x_wconf 86' lang='lat' dir='ltr'><strong>est,</strong></span> <span class='ocrx_word' id='word_1_65' title='bbox 1249 716 1331 739; x_wconf 88' lang='lat' dir='ltr'><strong>cnm</strong></span> <span class='ocrx_word' id='word_1_66' title='bbox 1371 703 1505 749; x_wconf 85' lang='lat' dir='ltr'><strong>evenit,</strong></span> <span class='ocrx_word' id='word_1_67' title='bbox 1550 708 1590 739; x_wconf 82' lang='lat' dir='ltr'><strong>ut</strong></span> <span class='ocrx_word' id='word_1_68' title='bbox 1620 719 1637 741; x_wconf 79' lang='grc' dir='ltr'><strong><em>ε</em></strong></span> 
     </span>
     <span class='ocr_line' id='line_1_10' title="bbox 264 753 1657 807; baseline 0 -14"><span class='ocrx_word' id='word_1_69' title='bbox 264 764 300 793; x_wconf 89' lang='lat' dir='ltr'><strong>et</strong></span> <span class='ocrx_word' id='word_1_70' title='bbox 326 772 347 795; x_wconf 87' lang='grc' dir='ltr'><strong>ο</strong></span> <span class='ocrx_word' id='word_1_71' title='bbox 374 770 441 807; x_wconf 86' lang='lat' dir='ltr'><strong>per</strong></span> <span class='ocrx_word' id='word_1_72' title='bbox 467 755 611 794; x_wconf 90' lang='lat' dir='ltr'><strong>Gunam</strong></span> <span class='ocrx_word' id='word_1_73' title='bbox 636 755 663 792; x_wconf 90' lang='lat' dir='ltr'><strong>i.</strong></span> <span class='ocrx_word' id='word_1_74' title='bbox 695 768 728 794; x_wconf 88' lang='lat' dir='ltr'><strong>e.</strong></span> <span class='ocrx_word' id='word_1_75' title='bbox 758 769 825 804; x_wconf 82' lang='lat' dir='ltr'><strong>per</strong></span> <span class='ocrx_word' id='word_1_76' title='bbox 853 753 1129 806; x_wconf 89' lang='lat' dir='ltr'><strong>productionem</strong></span> <span class='ocrx_word' id='word_1_77' title='bbox 1156 758 1223 796; x_wconf 81' lang='grc' dir='ltr'><strong>τοῦ</strong></span> <span class='ocrx_word' id='word_1_78' title='bbox 1252 772 1265 795; x_wconf 92' lang='grc' dir='ltr'><strong><em>ι</em></strong></span> <span class='ocrx_word' id='word_1_79' title='bbox 1292 760 1370 793; x_wconf 84' lang='lat' dir='ltr'><strong>orta</strong></span> <span class='ocrx_word' id='word_1_80' title='bbox 1398 756 1492 805; x_wconf 82' lang='lat' dir='ltr'><strong>sint3</strong></span> <span class='ocrx_word' id='word_1_81' title='bbox 1528 755 1630 793; x_wconf 82' lang='lat' dir='ltr'><strong>cons.</strong></span> <span class='ocrx_word' id='word_1_82' title='bbox 1646 777 1657 782; x_wconf 96' lang='lat'>-</span> 
     </span>
    </p>
   </div>
   <div class='ocr_carea' id='block_1_3' title="bbox 261 809 1461 967">
    <p class='ocr_par' dir='ltr' id='par_1_4' title="bbox 261 809 1461 967">
     <span class='ocr_line' id='line_1_11' title="bbox 261 809 1461 862; baseline -0.002 -15"><span class='ocrx_word' id='word_1_83' title='bbox 261 810 446 862; x_wconf 71' lang='grc' dir='ltr'><em>Γείδομαι</em></span> <span class='ocrx_word' id='word_1_84' title='bbox 471 824 492 846; x_wconf 89' lang='lat' dir='ltr'><strong>a</strong></span> <span class='ocrx_word' id='word_1_85' title='bbox 519 809 598 847; x_wconf 82' lang='lat' dir='ltr'><strong>rad.</strong></span> <span class='ocrx_word' id='word_1_86' title='bbox 625 809 706 858; x_wconf 61' lang='lat' dir='ltr'><strong>Fut,</strong></span> <span class='ocrx_word' id='word_1_87' title='bbox 733 810 852 848; x_wconf 69' lang='lat' dir='ltr'><em>Fa&#39;nw</em></span> <span class='ocrx_word' id='word_1_88' title='bbox 878 814 914 846; x_wconf 83' lang='lat' dir='ltr'><strong>et</strong></span> <span class='ocrx_word' id='word_1_89' title='bbox 939 809 1074 856; x_wconf 70' lang='grc' dir='ltr'><strong><em>Εοῖκος</em></strong></span> <span class='ocrx_word' id='word_1_90' title='bbox 1099 823 1119 845; x_wconf 80' lang='lat' dir='ltr'><strong>a</strong></span> <span class='ocrx_word' id='word_1_91' title='bbox 1145 824 1175 846; x_wconf 87' lang='lat' dir='ltr'><strong>r.</strong></span> <span class='ocrx_word' id='word_1_92' title='bbox 1202 811 1274 850; x_wconf 71' lang='lat' dir='ltr'><strong>Fan</strong></span> <span class='ocrx_word' id='word_1_93' title='bbox 1296 823 1331 847; x_wconf 86' lang='lat' dir='ltr'><strong>e.</strong></span> <span class='ocrx_word' id='word_1_94' title='bbox 1362 823 1393 846; x_wconf 86' lang='lat' dir='ltr'><strong>s.</strong></span> <span class='ocrx_word' id='word_1_95' title='bbox 1422 823 1461 860; x_wconf 84' lang='lat' dir='ltr'><strong>p.</strong></span> 
     </span>
     <span class='ocr_line' id='line_1_12' title="bbox 893 913 1009 967; baseline 0 -15"><span class='ocrx_word' id='word_1_96' title='bbox 893 913 931 967; x_wconf 64' lang='grc' dir='ltr'><strong>ἓ.</strong></span> <span class='ocrx_word' id='word_1_97' title='bbox 971 916 1009 952; x_wconf 89' lang='grc'><strong>5.</strong></span> 
     </span>
    </p>
   </div>
   <div class='ocr_carea' id='block_1_4' title="bbox 321 1003 1572 1124">
    <p class='ocr_par' dir='ltr' id='par_1_5' title="bbox 321 1003 1572 1124">
     <span class='ocr_line' id='line_1_13' title="bbox 321 1003 1572 1063; baseline -0.004 -11"><span class='ocrx_word' id='word_1_98' title='bbox 321 1009 607 1052; x_wconf 67' lang='grc' dir='ltr'>Ιίθοοῃειιε</span> <span class='ocrx_word' id='word_1_99' title='bbox 638 1020 845 1059; x_wconf 76' lang='lat' dir='ltr'><strong>vocum,</strong></span> <span class='ocrx_word' id='word_1_100' title='bbox 890 1020 1038 1063; x_wconf 84' lang='lat' dir='ltr'><strong>quae,</strong></span> <span class='ocrx_word' id='word_1_101' title='bbox 1084 1003 1231 1047; x_wconf 85' lang='lat' dir='ltr'><strong>nulla</strong></span> <span class='ocrx_word' id='word_1_102' title='bbox 1263 1005 1572 1048; x_wconf 82' lang='lat' dir='ltr'><strong>substituta</strong></span> 
     </span>
     <span class='ocr_line' id='line_1_14' title="bbox 364 1063 1525 1124; baseline -0.003 -13"><span class='ocrx_word' id='word_1_103' title='bbox 364 1068 555 1122; x_wconf 81' lang='lat' dir='ltr'><strong>litera,</strong></span> <span class='ocrx_word' id='word_1_104' title='bbox 584 1066 815 1110; x_wconf 87' lang='lat' dir='ltr'><strong>indiciis</strong></span> <span class='ocrx_word' id='word_1_105' title='bbox 854 1063 1201 1124; x_wconf 75' lang='lat' dir='ltr'><strong>digammatis</strong></span> <span class='ocrx_word' id='word_1_106' title='bbox 1233 1065 1525 1108; x_wconf 81' lang='lat' dir='ltr'><strong>abundant.</strong></span> 
     </span>
    </p>
   </div>
   <div class='ocr_carea' id='block_1_5' title="bbox 248 1160 1629 1912">
    <p class='ocr_par' dir='ltr' id='par_1_6' title="bbox 248 1160 1629 1912">
     <span class='ocr_line' id='line_1_15' title="bbox 363 1160 1623 1212; baseline -0.002 -12"><span class='ocrx_word' id='word_1_107' title='bbox 363 1165 552 1200; x_wconf 84' lang='lat' dir='ltr'><strong>Recensus</strong></span> <span class='ocrx_word' id='word_1_108' title='bbox 568 1160 611 1211; x_wconf 81' lang='lat'><strong>&#39;),</strong></span> <span class='ocrx_word' id='word_1_109' title='bbox 662 1162 725 1212; x_wconf 87' lang='lat' dir='ltr'><strong>qui</strong></span> <span class='ocrx_word' id='word_1_110' title='bbox 759 1162 938 1212; x_wconf 86' lang='lat' dir='ltr'><strong>sequitur,</strong></span> <span class='ocrx_word' id='word_1_111' title='bbox 977 1162 1096 1197; x_wconf 91' lang='lat' dir='ltr'><strong>omnia</strong></span> <span class='ocrx_word' id='word_1_112' title='bbox 1139 1161 1393 1211; x_wconf 77' lang='lat' dir='ltr'>complectitur</span> <span class='ocrx_word' id='word_1_113' title='bbox 1431 1160 1623 1210; x_wconf 83' lang='lat' dir='ltr'><strong>vocabula,</strong></span> 
     </span>
     <span class='ocr_line' id='line_1_16' title="bbox 258 1213 1629 1268; baseline -0.002 -13"><span class='ocrx_word' id='word_1_114' title='bbox 258 1217 407 1268; x_wconf 88' lang='lat' dir='ltr'><strong>quibus,</strong></span> <span class='ocrx_word' id='word_1_115' title='bbox 437 1231 457 1253; x_wconf 88' lang='lat' dir='ltr'><strong>a</strong></span> <span class='ocrx_word' id='word_1_116' title='bbox 484 1214 602 1251; x_wconf 87' lang='lat' dir='ltr'><strong>vocali</strong></span> <span class='ocrx_word' id='word_1_117' title='bbox 628 1214 903 1264; x_wconf 83' lang='lat' dir='ltr'>incipientibus,</span> <span class='ocrx_word' id='word_1_118' title='bbox 933 1213 1113 1265; x_wconf 74' lang='lat' dir='ltr'><strong>digamma</strong></span> <span class='ocrx_word' id='word_1_119' title='bbox 1149 1213 1350 1265; x_wconf 78' lang='lat' dir='ltr'><strong>praefixum</strong></span> <span class='ocrx_word' id='word_1_120' title='bbox 1379 1215 1464 1264; x_wconf 84' lang='lat' dir='ltr'><strong>suit,</strong></span> <span class='ocrx_word' id='word_1_121' title='bbox 1495 1229 1565 1254; x_wconf 86' lang='lat' dir='ltr'><strong>nec</strong></span> <span class='ocrx_word' id='word_1_122' title='bbox 1591 1215 1629 1252; x_wconf 89' lang='lat' dir='ltr'><strong>in</strong></span> 
     </span>
     <span class='ocr_line' id='line_1_17' title="bbox 258 1267 1628 1324; baseline -0.003 -15"><span class='ocrx_word' id='word_1_123' title='bbox 258 1271 321 1324; x_wconf 65' lang='lat' dir='ltr'><strong>§g-</strong></span> <span class='ocrx_word' id='word_1_124' title='bbox 348 1267 653 1323; x_wconf 84' lang='lat' dir='ltr'><strong>praecedentibus</strong></span> <span class='ocrx_word' id='word_1_125' title='bbox 681 1274 950 1305; x_wconf 82' lang='lat' dir='ltr'><strong>enumerantur.</strong></span> <span class='ocrx_word' id='word_1_126' title='bbox 996 1267 1037 1304; x_wconf 87' lang='lat' dir='ltr'><strong>Si</strong></span> <span class='ocrx_word' id='word_1_127' title='bbox 1070 1267 1192 1305; x_wconf 80' lang='lat' dir='ltr'><strong>absint</strong></span> <span class='ocrx_word' id='word_1_128' title='bbox 1229 1267 1362 1319; x_wconf 84' lang='lat' dir='ltr'><strong>aliqua,</strong></span> <span class='ocrx_word' id='word_1_129' title='bbox 1406 1269 1539 1320; x_wconf 86' lang='lat' dir='ltr'><strong>quibus</strong></span> <span class='ocrx_word' id='word_1_130' title='bbox 1565 1268 1628 1305; x_wconf 88' lang='lat' dir='ltr'><strong>alii</strong></span> 
     </span>
     <span class='ocr_line' id='line_1_18' title="bbox 255 1320 1624 1373; baseline -0.003 -10"><span class='ocrx_word' id='word_1_131' title='bbox 255 1327 379 1363; x_wconf 80' lang='lat' dir='ltr'><strong>hiatus</strong></span> <span class='ocrx_word' id='word_1_132' title='bbox 408 1337 517 1361; x_wconf 90' lang='lat' dir='ltr'><strong>causa</strong></span> <span class='ocrx_word' id='word_1_133' title='bbox 545 1321 724 1372; x_wconf 78' lang='lat' dir='ltr'><strong>digamma</strong></span> <span class='ocrx_word' id='word_1_134' title='bbox 740 1321 1035 1372; x_wconf 78' lang='lat' dir='ltr'><strong>adscripserunt,</strong></span> <span class='ocrx_word' id='word_1_135' title='bbox 1064 1320 1244 1370; x_wconf 86' lang='lat' dir='ltr'><strong>locorum,</strong></span> <span class='ocrx_word' id='word_1_136' title='bbox 1274 1322 1407 1373; x_wconf 88' lang='lat' dir='ltr'><strong>quibus</strong></span> <span class='ocrx_word' id='word_1_137' title='bbox 1437 1323 1624 1373; x_wconf 86' lang='lat' dir='ltr'><strong>reperiun-</strong></span> 
     </span>
     <span class='ocr_line' id='line_1_19' title="bbox 256 1374 1623 1427; baseline -0.003 -11"><span class='ocrx_word' id='word_1_138' title='bbox 256 1386 330 1427; x_wconf 88' lang='lat' dir='ltr'><strong>tur,</strong></span> <span class='ocrx_word' id='word_1_139' title='bbox 361 1378 502 1415; x_wconf 86' lang='lat' dir='ltr'><strong>ratione</strong></span> <span class='ocrx_word' id='word_1_140' title='bbox 530 1375 723 1427; x_wconf 77' lang='lat' dir='ltr'><strong>diligenter</strong></span> <span class='ocrx_word' id='word_1_141' title='bbox 748 1374 885 1424; x_wconf 82' lang='lat' dir='ltr'><strong>habita,</strong></span> <span class='ocrx_word' id='word_1_142' title='bbox 915 1377 1001 1411; x_wconf 80' lang='lat' dir='ltr'><strong>sunt</strong></span> <span class='ocrx_word' id='word_1_143' title='bbox 1027 1374 1188 1423; x_wconf 81' lang='lat' dir='ltr'><strong>exclusa,</strong></span> <span class='ocrx_word' id='word_1_144' title='bbox 1206 1389 1299 1426; x_wconf 84' lang='lat' dir='ltr'><strong>quae</strong></span> <span class='ocrx_word' id='word_1_145' title='bbox 1321 1377 1471 1427; x_wconf 85' lang='lat' dir='ltr'><strong>insuper</strong></span> <span class='ocrx_word' id='word_1_146' title='bbox 1490 1377 1623 1424; x_wconf 79' lang='lat' dir='ltr'><strong>adsint,</strong></span> 
     </span>
     <span class='ocr_line' id='line_1_20' title="bbox 251 1428 1625 1484; baseline -0.003 -13"><span class='ocrx_word' id='word_1_147' title='bbox 251 1433 338 1484; x_wconf 86' lang='lat' dir='ltr'><strong>jure</strong></span> <span class='ocrx_word' id='word_1_148' title='bbox 367 1436 600 1482; x_wconf 63' lang='lat' dir='ltr'><strong>cog-natarum</strong></span> <span class='ocrx_word' id='word_1_149' title='bbox 628 1428 833 1480; x_wconf 75' lang='lat' dir='ltr'><strong>linguarum</strong></span> <span class='ocrx_word' id='word_1_150' title='bbox 872 1434 1033 1479; x_wconf 83' lang='lat' dir='ltr'><strong>recepta.</strong></span> <span class='ocrx_word' id='word_1_151' title='bbox 1102 1429 1231 1480; x_wconf 75' lang='lat' dir='ltr'><strong>Longe</strong></span> <span class='ocrx_word' id='word_1_152' title='bbox 1271 1435 1391 1467; x_wconf 89' lang='lat' dir='ltr'><strong>tamen</strong></span> <span class='ocrx_word' id='word_1_153' title='bbox 1432 1430 1541 1479; x_wconf 83' lang='lat' dir='ltr'><strong>absit,</strong></span> <span class='ocrx_word' id='word_1_154' title='bbox 1585 1436 1625 1467; x_wconf 85' lang='lat' dir='ltr'><strong>ut</strong></span> 
     </span>
     <span class='ocr_line' id='line_1_21' title="bbox 256 1481 1622 1535; baseline -0.003 -11"><span class='ocrx_word' id='word_1_155' title='bbox 256 1485 533 1529; x_wconf 82' lang='lat' dir='ltr'><strong>contendamus,</strong></span> <span class='ocrx_word' id='word_1_156' title='bbox 564 1489 604 1519; x_wconf 88' lang='lat' dir='ltr'><strong>ut</strong></span> <span class='ocrx_word' id='word_1_157' title='bbox 630 1482 800 1519; x_wconf 89' lang='lat' dir='ltr'><strong>omnibus</strong></span> <span class='ocrx_word' id='word_1_158' title='bbox 828 1481 1029 1529; x_wconf 80' lang='lat' dir='ltr'><strong>vocabulis,</strong></span> <span class='ocrx_word' id='word_1_159' title='bbox 1066 1495 1159 1532; x_wconf 87' lang='lat' dir='ltr'><strong>quae</strong></span> <span class='ocrx_word' id='word_1_160' title='bbox 1197 1483 1236 1518; x_wconf 88' lang='lat' dir='ltr'><strong>in</strong></span> <span class='ocrx_word' id='word_1_161' title='bbox 1277 1483 1414 1534; x_wconf 76' lang='lat' dir='ltr'><strong>linguis</strong></span> <span class='ocrx_word' id='word_1_162' title='bbox 1456 1485 1622 1535; x_wconf 74' lang='lat' dir='ltr'><strong>cognatis</strong></span> 
     </span>
     <span class='ocr_line' id='line_1_22' title="bbox 254 1534 1622 1588; baseline -0.004 -10"><span class='ocrx_word' id='word_1_163' title='bbox 254 1554 338 1577; x_wconf 84' lang='lat' dir='ltr'><strong>cum</strong></span> <span class='ocrx_word' id='word_1_164' title='bbox 366 1553 400 1576; x_wconf 86' lang='lat' dir='ltr'><strong><em>w</em></strong></span> <span class='ocrx_word' id='word_1_165' title='bbox 428 1537 618 1588; x_wconf 87' lang='lat' dir='ltr'><strong>incipiunt,</strong></span> <span class='ocrx_word' id='word_1_166' title='bbox 649 1534 828 1587; x_wconf 76' lang='lat' dir='ltr'><strong>digamma</strong></span> <span class='ocrx_word' id='word_1_167' title='bbox 858 1534 956 1586; x_wconf 81' lang='lat' dir='ltr'><strong>apud</strong></span> <span class='ocrx_word' id='word_1_168' title='bbox 983 1534 1146 1573; x_wconf 74' lang='lat' dir='ltr'><strong>Graecos</strong></span> <span class='ocrx_word' id='word_1_169' title='bbox 1171 1535 1372 1586; x_wconf 82' lang='lat' dir='ltr'><strong>praefixum</strong></span> <span class='ocrx_word' id='word_1_170' title='bbox 1388 1536 1499 1587; x_wconf 76' lang='lat' dir='ltr'><strong>esset,</strong></span> <span class='ocrx_word' id='word_1_171' title='bbox 1521 1536 1622 1588; x_wconf 79' lang='lat' dir='ltr'><strong>quod</strong></span> 
     </span>
     <span class='ocr_line' id='line_1_23' title="bbox 252 1588 1617 1643; baseline -0.002 -12"><span class='ocrx_word' id='word_1_172' title='bbox 252 1595 302 1631; x_wconf 86' lang='lat' dir='ltr'><strong>ita</strong></span> <span class='ocrx_word' id='word_1_173' title='bbox 329 1607 349 1630; x_wconf 93' lang='lat' dir='ltr'><strong>a</strong></span> <span class='ocrx_word' id='word_1_174' title='bbox 376 1592 482 1630; x_wconf 88' lang='lat' dir='ltr'><strong>nobis</strong></span> <span class='ocrx_word' id='word_1_175' title='bbox 509 1591 670 1642; x_wconf 82' lang='lat' dir='ltr'><strong>positum</strong></span> <span class='ocrx_word' id='word_1_176' title='bbox 697 1603 779 1628; x_wconf 87' lang='lat' dir='ltr'><strong>esse</strong></span> <span class='ocrx_word' id='word_1_177' title='bbox 806 1589 976 1637; x_wconf 86' lang='lat' dir='ltr'><strong>velimus,</strong></span> <span class='ocrx_word' id='word_1_178' title='bbox 1006 1595 1046 1626; x_wconf 90' lang='lat' dir='ltr'><strong>ut</strong></span> <span class='ocrx_word' id='word_1_179' title='bbox 1073 1588 1137 1627; x_wconf 90' lang='lat' dir='ltr'><strong>ubi</strong></span> <span class='ocrx_word' id='word_1_180' title='bbox 1154 1591 1305 1642; x_wconf 76' lang='lat' dir='ltr'><strong>vestigia</strong></span> <span class='ocrx_word' id='word_1_181' title='bbox 1332 1598 1617 1643; x_wconf 75' lang='lat' dir='ltr'><strong>cognoscantur,</strong></span> 
     </span>
     <span class='ocr_line' id='line_1_24' title="bbox 251 1642 1620 1697; baseline -0.002 -14"><span class='ocrx_word' id='word_1_182' title='bbox 251 1648 304 1684; x_wconf 82' lang='lat' dir='ltr'><strong>ibi</strong></span> <span class='ocrx_word' id='word_1_183' title='bbox 332 1647 476 1697; x_wconf 78' lang='lat' dir='ltr'><strong>linguae</strong></span> <span class='ocrx_word' id='word_1_184' title='bbox 504 1650 680 1695; x_wconf 73' lang='lat' dir='ltr'><strong>cognatae</strong></span> <span class='ocrx_word' id='word_1_185' title='bbox 721 1658 799 1681; x_wconf 87' lang='lat' dir='ltr'><strong>rem</strong></span> <span class='ocrx_word' id='word_1_186' title='bbox 841 1650 1024 1694; x_wconf 71' lang='lat' dir='ltr'><strong>retegunt.</strong></span> <span class='ocrx_word' id='word_1_187' title='bbox 1081 1642 1226 1691; x_wconf 82' lang='lat' dir='ltr'><strong>Quibus</strong></span> <span class='ocrx_word' id='word_1_188' title='bbox 1259 1659 1346 1681; x_wconf 84' lang='lat' dir='ltr'><strong>vero</strong></span> <span class='ocrx_word' id='word_1_189' title='bbox 1387 1646 1425 1681; x_wconf 90' lang='lat' dir='ltr'><strong>in</strong></span> <span class='ocrx_word' id='word_1_190' title='bbox 1465 1645 1620 1682; x_wconf 82' lang='lat' dir='ltr'><strong>vocibus</strong></span> 
     </span>
     <span class='ocr_line' id='line_1_25' title="bbox 254 1695 1617 1751; baseline -0.001 -14"><span class='ocrx_word' id='word_1_191' title='bbox 254 1701 433 1751; x_wconf 75' lang='lat' dir='ltr'><strong>digamma</strong></span> <span class='ocrx_word' id='word_1_192' title='bbox 460 1698 597 1737; x_wconf 87' lang='lat' dir='ltr'><strong>medias</strong></span> <span class='ocrx_word' id='word_1_193' title='bbox 627 1710 774 1748; x_wconf 88' lang='lat' dir='ltr'><strong>quoquc</strong></span> <span class='ocrx_word' id='word_1_194' title='bbox 801 1695 961 1748; x_wconf 77' lang='lat' dir='ltr'><strong>syllabas</strong></span> <span class='ocrx_word' id='word_1_195' title='bbox 988 1697 1174 1746; x_wconf 85' lang='lat' dir='ltr'><strong>invaserit,</strong></span> <span class='ocrx_word' id='word_1_196' title='bbox 1214 1711 1274 1735; x_wconf 86' lang='lat' dir='ltr'><strong>res</strong></span> <span class='ocrx_word' id='word_1_197' title='bbox 1315 1699 1464 1736; x_wconf 90' lang='lat' dir='ltr'><strong>omnino</strong></span> <span class='ocrx_word' id='word_1_198' title='bbox 1492 1697 1617 1737; x_wconf 89' lang='lat' dir='ltr'><strong>obser-</strong></span> 
     </span>
     <span class='ocr_line' id='line_1_26' title="bbox 251 1750 1616 1804; baseline -0.001 -14"><span class='ocrx_word' id='word_1_199' title='bbox 251 1755 406 1791; x_wconf 84' lang='lat' dir='ltr'><strong>vationis</strong></span> <span class='ocrx_word' id='word_1_200' title='bbox 434 1759 511 1801; x_wconf 82' lang='lat' dir='ltr'><strong>est3</strong></span> <span class='ocrx_word' id='word_1_201' title='bbox 548 1752 586 1788; x_wconf 90' lang='lat' dir='ltr'><strong>in</strong></span> <span class='ocrx_word' id='word_1_202' title='bbox 613 1750 672 1787; x_wconf 90' lang='lat' dir='ltr'><strong>illa</strong></span> <span class='ocrx_word' id='word_1_203' title='bbox 700 1751 819 1788; x_wconf 89' lang='lat' dir='ltr'><strong>hiatus</strong></span> <span class='ocrx_word' id='word_1_204' title='bbox 847 1751 1024 1789; x_wconf 85' lang='lat' dir='ltr'><strong>omissum</strong></span> <span class='ocrx_word' id='word_1_205' title='bbox 1052 1750 1233 1803; x_wconf 78' lang='lat' dir='ltr'><strong>digamma</strong></span> <span class='ocrx_word' id='word_1_206' title='bbox 1260 1753 1380 1803; x_wconf 76' lang='lat' dir='ltr'><strong>arguit</strong></span> <span class='ocrx_word' id='word_1_207' title='bbox 1395 1752 1453 1804; x_wconf 80' lang='grc'><strong>“”’),</strong></span> <span class='ocrx_word' id='word_1_208' title='bbox 1483 1754 1520 1789; x_wconf 91' lang='lat' dir='ltr'><strong>in</strong></span> <span class='ocrx_word' id='word_1_209' title='bbox 1547 1752 1616 1790; x_wconf 88' lang='lat' dir='ltr'><strong>hac</strong></span> 
     </span>
     <span class='ocr_line' id='line_1_27' title="bbox 254 1804 1617 1856; baseline -0.001 -12"><span class='ocrx_word' id='word_1_210' title='bbox 254 1808 352 1844; x_wconf 88' lang='lat' dir='ltr'><strong>nulla</strong></span> <span class='ocrx_word' id='word_1_211' title='bbox 376 1821 416 1844; x_wconf 89' lang='lat' dir='ltr'><strong>re</strong></span> <span class='ocrx_word' id='word_1_212' title='bbox 454 1806 578 1855; x_wconf 79' lang='lat' dir='ltr'><strong>colligi</strong></span> <span class='ocrx_word' id='word_1_213' title='bbox 604 1811 738 1853; x_wconf 87' lang='lat' dir='ltr'><strong>potest,</strong></span> <span class='ocrx_word' id='word_1_214' title='bbox 769 1818 878 1855; x_wconf 89' lang='lat' dir='ltr'><strong>quam</strong></span> <span class='ocrx_word' id='word_1_215' title='bbox 929 1804 999 1842; x_wconf 88' lang='lat' dir='ltr'><strong>late</strong></span> <span class='ocrx_word' id='word_1_216' title='bbox 1024 1805 1184 1853; x_wconf 84' lang='lat' dir='ltr'><strong>patuerit</strong></span> <span class='ocrx_word' id='word_1_217' title='bbox 1228 1812 1340 1854; x_wconf 86' lang='lat' dir='ltr'><strong>usus,·</strong></span> <span class='ocrx_word' id='word_1_218' title='bbox 1384 1820 1492 1856; x_wconf 83' lang='lat' dir='ltr'><strong>saepe</strong></span> <span class='ocrx_word' id='word_1_219' title='bbox 1533 1820 1617 1843; x_wconf 90' lang='lat' dir='ltr'><strong>eum</strong></span> 
     </span>
     <span class='ocr_line' id='line_1_28' title="bbox 248 1856 1616 1912; baseline -0.002 -13"><span class='ocrx_word' id='word_1_220' title='bbox 248 1858 431 1899; x_wconf 83' lang='lat' dir='ltr'><strong>”turbavit</strong></span> <span class='ocrx_word' id='word_1_221' title='bbox 456 1858 698 1898; x_wconf 85' lang='lat' dir='ltr'><strong>inconstantia</strong></span> <span class='ocrx_word' id='word_1_222' title='bbox 726 1871 815 1896; x_wconf 88' lang='lat' dir='ltr'><strong>usus</strong></span> <span class='ocrx_word' id='word_1_223' title='bbox 842 1859 881 1896; x_wconf 89' lang='lat' dir='ltr'><strong>in</strong></span> <span class='ocrx_word' id='word_1_224' title='bbox 907 1856 1036 1896; x_wconf 83' lang='lat' dir='ltr'><strong>iisdem</strong></span> <span class='ocrx_word' id='word_1_225' title='bbox 1064 1870 1173 1909; x_wconf 84' lang='lat' dir='ltr'><strong>saepe</strong></span> <span class='ocrx_word' id='word_1_226' title='bbox 1188 1858 1369 1897; x_wconf 67' lang='lat' dir='ltr'><strong>vocibus&#39;’</strong></span> <span class='ocrx_word' id='word_1_227' title='bbox 1385 1858 1443 1912; x_wconf 80' lang='lat'><strong>‘&#39;)</strong></span> <span class='ocrx_word' id='word_1_228' title='bbox 1472 1864 1508 1897; x_wconf 87' lang='lat' dir='ltr'><strong>et</strong></span> <span class='ocrx_word' id='word_1_229' title='bbox 1532 1860 1616 1911; x_wconf 84' lang='lat' dir='ltr'><strong>quia</strong></span> 
     </span>
    </p>
   </div>
   <div class='ocr_carea' id='block_1_6' title="bbox 243 1944 545 1954">
    <p class='ocr_par' dir='ltr' id='par_1_7' title="bbox 243 1944 545 1954">
     <span class='ocr_line' id='line_1_29' title="bbox 243 1944 545 1954; baseline 0 1048"><span class='ocrx_word' id='word_1_230' title='bbox 243 1944 545 1954; x_wconf 95' lang='lat' dir='ltr'><strong> </strong></span> 
     </span>
    </p>
   </div>
   <div class='ocr_carea' id='block_1_7' title="bbox 292 1978 1617 2030">
    <p class='ocr_par' dir='ltr' id='par_1_8' title="bbox 292 1978 1617 2030">
     <span class='ocr_line' id='line_1_30' title="bbox 292 1978 1617 2030; baseline 0 -13"><span class='ocrx_word' id='word_1_231' title='bbox 292 1985 321 2030; x_wconf 67' lang='lat'><strong>¹²)</strong></span> <span class='ocrx_word' id='word_1_232' title='bbox 370 1978 597 2017; x_wconf 62' lang='lat' dir='ltr'><strong>Butmanbms</strong></span> <span class='ocrx_word' id='word_1_233' title='bbox 621 1980 719 2015; x_wconf 84' lang='lat' dir='ltr'><strong>ctiam</strong></span> <span class='ocrx_word' id='word_1_234' title='bbox 742 1979 918 2024; x_wconf 71' lang='lat' dir='ltr'><strong>vocabula,</strong></span> <span class='ocrx_word' id='word_1_235' title='bbox 940 1992 1027 2028; x_wconf 77' lang='lat' dir='ltr'><strong>quae</strong></span> <span class='ocrx_word' id='word_1_236' title='bbox 1060 1980 1260 2029; x_wconf 70' lang='lat' dir='ltr'><strong>digammate</strong></span> <span class='ocrx_word' id='word_1_237' title='bbox 1281 1981 1461 2030; x_wconf 78' lang='lat' dir='ltr'><strong>incipiunt,</strong></span> <span class='ocrx_word' id='word_1_238' title='bbox 1484 1994 1617 2018; x_wconf 78' lang='lat' dir='ltr'><strong>enume—</strong></span> 
     </span>
    </p>
   </div>
   <div class='ocr_carea' id='block_1_8' title="bbox 363 2043 1194 2091">
    <p class='ocr_par' dir='ltr' id='par_1_9' title="bbox 363 2043 1194 2091">
     <span class='ocr_line' id='line_1_31' title="bbox 363 2043 1194 2091; baseline 0 -13"><span class='ocrx_word' id='word_1_239' title='bbox 363 2052 425 2078; x_wconf 77' lang='lat' dir='ltr'><strong>rat.</strong></span> <span class='ocrx_word' id='word_1_240' title='bbox 472 2045 574 2079; x_wconf 74' lang='lat' dir='ltr'><strong>Cous.</strong></span> <span class='ocrx_word' id='word_1_241' title='bbox 600 2044 673 2088; x_wconf 85' lang='lat' dir='ltr'><strong>ejus</strong></span> <span class='ocrx_word' id='word_1_242' title='bbox 698 2043 836 2077; x_wconf 72' lang='lat' dir='ltr'><strong>Griecln.</strong></span> <span class='ocrx_word' id='word_1_243' title='bbox 865 2043 1019 2078; x_wconf 81' lang='lat' dir='ltr'><strong>Gramm.</strong></span> <span class='ocrx_word' id='word_1_244' title='bbox 1045 2044 1077 2091; x_wconf 66' lang='grc' dir='ltr'><strong>ξ.</strong></span> <span class='ocrx_word' id='word_1_245' title='bbox 1102 2045 1135 2078; x_wconf 83' lang='grc'><strong>6.</strong></span> <span class='ocrx_word' id='word_1_246' title='bbox 1161 2045 1194 2079; x_wconf 83' lang='grc'><strong>6.</strong></span> 
     </span>
    </p>
   </div>
   <div class='ocr_carea' id='block_1_9' title="bbox 293 2088 986 2180">
    <p class='ocr_par' dir='ltr' id='par_1_10' title="bbox 293 2088 986 2180">
     <span class='ocr_line' id='line_1_32' title="bbox 295 2088 986 2137; baseline -0.001 -12"><span class='ocrx_word' id='word_1_247' title='bbox 295 2089 340 2135; x_wconf 66' lang='grc'><strong>’““)</strong></span> <span class='ocrx_word' id='word_1_248' title='bbox 354 2091 463 2137; x_wconf 83' lang='lat' dir='ltr'><strong>Bopp.</strong></span> <span class='ocrx_word' id='word_1_249' title='bbox 484 2088 606 2136; x_wconf 77' lang='lat' dir='ltr'><strong>Vergl.</strong></span> <span class='ocrx_word' id='word_1_250' title='bbox 633 2088 782 2124; x_wconf 75' lang='lat' dir='ltr'><strong>Graium.</strong></span> <span class='ocrx_word' id='word_1_251' title='bbox 829 2100 883 2136; x_wconf 74' lang='lat' dir='ltr'><strong>ng.</strong></span> <span class='ocrx_word' id='word_1_252' title='bbox 911 2088 986 2124; x_wconf 82' lang='lat'>145.</span> 
     </span>
     <span class='ocr_line' id='line_1_33' title="bbox 293 2134 856 2180; baseline -0.004 -10"><span class='ocrx_word' id='word_1_253' title='bbox 293 2136 463 2179; x_wconf 72' lang='lat' dir='ltr'><strong>&#39;&#39;*)Conf.</strong></span> <span class='ocrx_word' id='word_1_254' title='bbox 486 2136 601 2180; x_wconf 71' lang='lat' dir='ltr'><strong>Reyn.</strong></span> <span class='ocrx_word' id='word_1_255' title='bbox 626 2134 650 2169; x_wconf 86' lang='lat' dir='ltr'><strong>l.</strong></span> <span class='ocrx_word' id='word_1_256' title='bbox 676 2147 706 2169; x_wconf 85' lang='lat' dir='ltr'><strong>c.</strong></span> <span class='ocrx_word' id='word_1_257' title='bbox 731 2146 765 2179; x_wconf 83' lang='lat' dir='ltr'><strong>p.</strong></span> <span class='ocrx_word' id='word_1_258' title='bbox 812 2134 856 2168; x_wconf 77' lang='lat'><strong>65</strong></span> 
     </span>
    </p>
   </div>
  </div>
 </body>
</html>
