1890 3002
783 163 1062 199 ...2.-

260 276 408 313 fuerunt
435 277 470 310 et
497 274 617 306 nostra
645 271 759 303 aetate
796 266 938 316 vivunt,
967 278 1113 316 semper
1143 267 1293 307 eosdem
1335 269 1514 308 vocalium
1540 283 1629 308 con-

259 337 501 375 sonarumque
530 322 713 357 literarum
740 332 854 357 sonos
880 320 1054 358 habuisse
1094 326 1210 369 putat.
1277 324 1356 361 Imo
1384 324 1509 363 literae
1535 324 1627 361 aliae

260 395 369 432 quum
396 379 473 415 aliis
500 374 643 410 facilius
670 375 975 423 pronuntientur,
1004 372 1184 411 interdum
1201 375 1340 414 factum
1365 374 1437 426 est,
1465 384 1519 426 ut,
1535 390 1626 428 quas

257 435 377 470 literas
401 428 556 478 majores
584 427 800 464 invenerant
826 434 863 465 et
889 433 1166 478 usurpaverant,
1197 428 1343 466 easdem
1377 438 1528 482 propter
1553 431 1627 467 oris

256 482 586 523 incommoditatem
614 482 752 531 posteri
780 482 1033 532 repudiarent,
1072 486 1108 517 et
1134 482 1171 517 iu
1201 495 1325 519 earum
1365 483 1486 522 locum
1513 484 1625 531 aliae,

255 550 385 588 easque
419 534 563 572 facilius
591 536 903 586 pronuntiandas,
933 534 1244 588 substituerent').
1299 537 1423 587 Atque
1447 537 1629 590 ejusmodi

256 594 392 629 literam
420 590 621 640 antiquitus
649 590 838 639 usitatam,
868 604 888 627 a
915 590 1072 640 posteris
1099 602 1190 626 vero
1230 590 1430 641 neglectam
1464 599 1501 630 et
1530 593 1627 628 vario

252 643 360 682 modo
384 645 608 680 immutatam
637 642 816 693 digamma
844 643 962 681 fuisse
988 642 1218 680 arbitramur.
1239 645 1381 680 Primus
1408 646 1504 682 inter
1529 647 1627 682 viros

250 699 379 735 doctos
406 697 622 734 recentioris
651 697 777 735 aetatis
804 698 1022 736 Richardus
1057 697 1216 748 Bentley
1245 697 1446 735 doctrinam
1487 699 1532 737 de
1572 699 1625 735 di-

249 757 430 802 gammate
458 751 658 786 revocavit.
715 751 893 800 Legendo
920 753 1016 788 enim
1044 756 1081 787 et
1105 750 1304 800 relegendo
1331 752 1532 788 Homerum
1560 752 1624 788 ob—

246 804 406 842 servavit
433 803 626 854 quaedam,
655 817 675 840 a
703 803 820 841 vocali
846 799 1071 855 incipientia,
1102 803 1276 840 voeabula
1304 810 1375 841 tam
1402 819 1509 855 saepe
1537 804 1624 840 Hia-

245 864 325 895 tum
353 858 569 904 admittere,
597 863 661 904 ut,
703 858 735 894 si
762 857 828 894 has
862 872 973 895 voces
1002 869 1211 905 semoveas,
1247 857 1369 895 hiatus
1392 873 1520 896 versus
1547 858 1624 894 Ho-

245 912 374 949 merici
399 910 447 947 ad
474 912 636 947 universi
664 912 811 961 generis
832 912 905 947 vim
934 917 971 947 et
998 916 1163 947 naturam
1189 911 1323 948 referri
1355 914 1487 961 possit.
1533 911 1625 947 Cum

246 967 400 1016 insuper
425 964 552 1001 eadem
579 963 690 1001 verba
717 963 895 1001 intellexit
919 962 1163 1014 Apostopheu
1196 977 1389 1014 spernere,
1406 965 1624 1016 praeceden-

246 1025 321 1057 tem
348 1016 525 1071 syllabam
547 1017 696 1055 brevem
723 1018 760 1054 in
781 1030 979 1055 consonam
1008 1021 1200 1055 exeuntem
1216 1017 1433 1068 producere,
1455 1020 1624 1070 diphton-

245 1089 315 1125 gos
357 1086 444 1110 vero
485 1079 521 1109 et
560 1071 705 1108 vocales
750 1071 879 1122 longas
920 1085 994 1108 non
1023 1071 1230 1120 corripere,
1258 1071 1405 1122 aliquod
1442 1074 1479 1110 in
1508 1074 1624 1123 capite

246 1141 378 1164 vocum
407 1126 637 1175 sequentium
662 1124 775 1162 latere
801 1138 875 1161 non
903 1124 1102 1172 dubitavit,
1142 1124 1243 1174 quod
1270 1125 1429 1177 denique
1455 1126 1501 1163 ad
1532 1128 1623 1163 veri—

241 1188 351 1218 tatem
379 1179 564 1231 perduxit.
622 1178 779 1215 Causam
806 1179 946 1215 invenit
975 1192 1059 1215 esse
1084 1177 1249 1227 literam,
1277 1178 1383 1231 cujus
1414 1181 1466 1217 vis
1494 1181 1530 1216 in
1560 1194 1623 1220 ore

241 1234 369 1286 populi
408 1233 545 1280 valuit,
583 1246 802 1283 quamquam
839 1231 1082 1283 temporibuS,
1112 1231 1245 1282 quibus
1286 1235 1443 1270 carmina
1470 1234 1624 1271 Homeri

241 1290 363 1340 primo
391 1287 506 1323 literis
536 1286 685 1323 suerunt
712 1285 903 1334 mandata,
935 1299 1010 1323 non
1037 1284 1192 1336 amplius
1228 1286 1325 1336 picta
1364 1286 1618 1338 usurpabatur.

239 1344 345 1380 Haec
361 1340 585 1388 observatio,
617 1353 701 1376 cum
728 1339 897 1390 Bentlejo
925 1346 1069 1376 mortuo
1096 1344 1223 1374 notum
1251 1340 1396 1389 fuisset,
1427 1355 1509 1377 eum
1537 1355 1622 1377 suas

240 1396 289 1434 de
316 1395 535 1447 digammate
562 1394 816 1431 annotationes
845 1394 1000 1445 margini
1028 1391 1267 1443 exemplariS,
1298 1408 1371 1446 quo
1399 1401 1475 1433 erat
1515 1409 1619 1445 usuS,

241 1450 397 1487 Homeri
423 1448 678 1497 adscripsisse,
712 1447 760 1484 G.
796 1449 842 1484 G.
871 1448 1023 1497 Heynio
1048 1445 1239 1483 consilium
1267 1448 1451 1499 exemplar
1474 1449 1620 1486 Bentle-

236 1504 367 1556 janum
394 1501 613 1552 inspiciendi
641 1501 773 1548 attulit,
803 1507 844 1537 ut
871 1515 948 1537 rem
975 1514 1107 1537 novam
1139 1502 1341 1539 accuratius
1381 1509 1622 1553 cognosceret

239 1563 277 1596 et
303 1562 531 1608 perspectam
560 1555 711 1593 haberet
745 1555 950 1602 utilitatem,
995 1567 1089 1605 quae
1122 1553 1207 1590 inde
1244 1557 1365 1593 versui
1402 1556 1617 1605 Homerico,

239 1611 400 1649 hiatibus
428 1610 555 1660 pleno,
585 1607 884 1646 subnasceretur.
940 1608 1051 1645 Votis
1080 1606 1271 1646 fruebatur
1296 1616 1332 1647 et
1366 1612 1616 1648 annotationes

239 1667 317 1704 sive
344 1664 551 1702 adversaria
578 1663 739 1714 Bentleji
767 1684 819 1692 —-
845 1662 980 1704 Codex
1004 1661 1252 1710 Bentlejamas
1284 1683 1335 1693 —
1363 1663 1512 1715 Regiam
1539 1665 1615 1702 Au.

239 1724 384 1771 gustam
412 1719 664 1769 migraverunt
688 1729 814 1753 mense
857 1715 965 1752 Febr.
1005 1729 1101 1752 anno
1131 1714 1246 1751 1790.
1303 1717 1375 1754 His
1403 1724 1439 1754 et
1465 1717 1616 1755 aliorum

242 1775 502 1812 Britannorum
529 1769 851 1822 disquisitionibus
865 1768 909 1821 “)
937 1770 1074 1807 certior
1099 1769 1220 1806 factus
1247 1767 1293 1807 de
1319 1784 1359 1809 re
1384 1776 1461 1809 tum
1478 1777 1616 1824 tempo-

284 1896 313 1942 ‘)
339 1897 415 1931 Non
467 1906 648 1937 ossnmns,
698 1893 757 1927 uin
781 1891 1011 1938 significemus
1025 1916 1036 1935 ,
1070 1890 1220 1938 lingnam
1244 1890 1507 1937 Albanensium,
1533 1907 1617 1948 quae

323 1942 438 1987 Alpha
485 1948 520 1974 to
546 1939 653 1972 utitur
673 1905 822 1980 ffiraeco,
849 1937 975 1980 literas,
1009 1948 1092 1983 quas
1115 1937 1243 1982 antiqui
1268 1937 1388 1971 Graeci
1412 1939 1616 1985 abjecerint,

326 1987 532 2028 restituisse,
554 1996 725 2029 novasque
749 1981 914 2016 addidisse
937 1994 992 2015 ex.
1035 1993 1070 2026 g.
1095 1981 1124 2015 F
1145 1981 1187 2015 ad
1218 1994 1259 2016 ex
1284 1981 1469 2019 rimendum
1501 1997 1534 2018 w
1558 1997 1615 2017 so-

325 2041 421 2073 num,
446 2047 461 2065 ν
484 2042 519 2056 =
540 2041 600 2074 ng,
625 2042 644 2062 σ
667 2029 738 2073 (σιν)
762 2039 797 2053 =
821 2028 893 2069 sch,
915 2040 932 2069 χ
954 2038 989 2053 =
1013 2025 1072 2059 kh.
1098 2025 1170 2060 cfr.
1197 2028 1254 2073 Xy
1290 2027 1388 2060 πάι-ν.
1431 2032 1492 2067 232
1507 2031 1612 2069 &mas

326 2078 373 2119 ebe
398 2083 450 2111 ber
471 2074 664 2111 elmanensen
686 2079 755 2109 obet
781 2074 1003 2115 &minatorem
1029 2072 1173 2114 grantof.
1201 2074 1290 2109 1835.
1313 2082 1343 2111 υ.
1367 2074 1396 2108 8,

281 2113 325 2159 '‘')
347 2119 543 2164 Attigerant
551 2116 670 2151 eodem
686 2116 757 2150 fere
780 2121 931 2162 tempore
947 2116 1085 2151 eandem
1097 2122 1224 2162 partem
1240 2115 1432 2152 literaturae
1444 2116 1590 2151 Graecae
1600 2132 1609 2149 z
