<?xml version="1.0" encoding="UTF-8"?>
<!DOCTYPE html PUBLIC "-//W3C//DTD XHTML 1.0 Transitional//EN"
    "http://www.w3.org/TR/xhtml1/DTD/xhtml1-transitional.dtd">
<html xmlns="http://www.w3.org/1999/xhtml" xml:lang="en" lang="en">
 <head>
  <title>
</title>
<meta http-equiv="Content-Type" content="text/html;charset=utf-8" />
  <meta name='ocr-system' content='tesseract 3.04.00' />
  <meta name='ocr-capabilities' content='ocr_page ocr_carea ocr_par ocr_line ocrx_word'/>
</head>
<body>
  <div class='ocr_page' id='page_1' title='image "./4630617_0026.png"; bbox 0 0 1890 3002; ppageno 0'>
   <div class='ocr_carea' id='block_1_1' title="bbox 773 257 1045 418">
    <p class='ocr_par' dir='ltr' id='par_1_1' title="bbox 773 257 1045 418">
     <span class='ocr_line' id='line_1_1' title="bbox 773 257 1045 296; baseline 0 -7"><span class='ocrx_word' id='word_1_1' title='bbox 773 280 839 291; x_wconf 84' lang='lat'><strong>....</strong></span> <span class='ocrx_word' id='word_1_2' title='bbox 891 257 941 296; x_wconf 86' lang='lat'><strong>17</strong></span> <span class='ocrx_word' id='word_1_3' title='bbox 994 281 1045 289; x_wconf 81' lang='lat'><strong>.-</strong></span> 
     </span>
     <span class='ocr_line' id='line_1_2' title="bbox 853 364 971 418; baseline 0 -15"><span class='ocrx_word' id='word_1_4' title='bbox 853 364 892 418; x_wconf 77' lang='lat'><strong>§-</strong></span> <span class='ocrx_word' id='word_1_5' title='bbox 932 366 971 403; x_wconf 85' lang='lat'><strong>3.</strong></span> 
     </span>
    </p>
   </div>
   <div class='ocr_carea' id='block_1_2' title="bbox 557 470 1246 530">
    <p class='ocr_par' dir='ltr' id='par_1_2' title="bbox 557 470 1246 530">
     <span class='ocr_line' id='line_1_3' title="bbox 557 470 1246 530; baseline -0.003 -16"><span class='ocrx_word' id='word_1_6' title='bbox 557 470 636 515; x_wconf 87' lang='lat' dir='ltr'><strong>De</strong></span> <span class='ocrx_word' id='word_1_7' title='bbox 668 477 863 514; x_wconf 86' lang='lat' dir='ltr'><strong>natura</strong></span> <span class='ocrx_word' id='word_1_8' title='bbox 893 471 1246 530; x_wconf 77' lang='lat' dir='ltr'><strong>digammatis.</strong></span> 
     </span>
    </p>
   </div>
   <div class='ocr_carea' id='block_1_3' title="bbox 214 547 1594 1682">
    <p class='ocr_par' dir='ltr' id='par_1_3' title="bbox 214 547 1594 1682">
     <span class='ocr_line' id='line_1_4' title="bbox 336 547 1594 603; baseline 0.002 -17"><span class='ocrx_word' id='word_1_9' title='bbox 336 547 514 587; x_wconf 83' lang='lat' dir='ltr'>Venimus</span> <span class='ocrx_word' id='word_1_10' title='bbox 535 549 613 603; x_wconf 85' lang='lat' dir='ltr'><strong>jam</strong></span> <span class='ocrx_word' id='word_1_11' title='bbox 641 549 686 588; x_wconf 87' lang='lat' dir='ltr'><strong>ad</strong></span> <span class='ocrx_word' id='word_1_12' title='bbox 714 563 792 588; x_wconf 87' lang='lat' dir='ltr'><strong>eam</strong></span> <span class='ocrx_word' id='word_1_13' title='bbox 822 548 1079 602; x_wconf 87' lang='lat' dir='ltr'><strong>disputationis</strong></span> <span class='ocrx_word' id='word_1_14' title='bbox 1106 553 1259 600; x_wconf 82' lang='lat' dir='ltr'><strong>partem,</strong></span> <span class='ocrx_word' id='word_1_15' title='bbox 1288 547 1334 586; x_wconf 90' lang='lat' dir='ltr'><strong>ad</strong></span> <span class='ocrx_word' id='word_1_16' title='bbox 1360 561 1470 601; x_wconf 88' lang='lat' dir='ltr'><strong>quam</strong></span> <span class='ocrx_word' id='word_1_17' title='bbox 1510 562 1594 601; x_wconf 84' lang='lat' dir='ltr'><strong>per-</strong></span> 
     </span>
     <span class='ocr_line' id='line_1_5' title="bbox 231 602 1591 656; baseline 0.003 -18"><span class='ocrx_word' id='word_1_18' title='bbox 231 602 336 652; x_wconf 86' lang='lat' dir='ltr'><strong>tinet,</strong></span> <span class='ocrx_word' id='word_1_19' title='bbox 365 610 406 640; x_wconf 92' lang='lat' dir='ltr'><strong>ut</strong></span> <span class='ocrx_word' id='word_1_20' title='bbox 432 612 623 655; x_wconf 77' lang='lat' dir='ltr'><strong>quaeratur</strong></span> <span class='ocrx_word' id='word_1_21' title='bbox 650 605 694 642; x_wconf 91' lang='lat' dir='ltr'><strong>de</strong></span> <span class='ocrx_word' id='word_1_22' title='bbox 722 611 848 642; x_wconf 84' lang='lat' dir='ltr'><strong>natura</strong></span> <span class='ocrx_word' id='word_1_23' title='bbox 875 606 1015 654; x_wconf 69' lang='lat' dir='ltr'><strong>literae.</strong></span> <span class='ocrx_word' id='word_1_24' title='bbox 1046 603 1165 653; x_wconf 84' lang='lat' dir='ltr'><strong>Quam</strong></span> <span class='ocrx_word' id='word_1_25' title='bbox 1192 618 1269 641; x_wconf 89' lang='lat' dir='ltr'><strong>rem</strong></span> <span class='ocrx_word' id='word_1_26' title='bbox 1296 617 1340 640; x_wconf 85' lang='lat' dir='ltr'><strong>eo</strong></span> <span class='ocrx_word' id='word_1_27' title='bbox 1363 603 1591 656; x_wconf 76' lang='lat' dir='ltr'><strong>diligentius,</strong></span> 
     </span>
     <span class='ocr_line' id='line_1_6' title="bbox 230 657 1591 710; baseline 0.002 -17"><span class='ocrx_word' id='word_1_28' title='bbox 230 670 305 708; x_wconf 85' lang='lat' dir='ltr'><strong>quo</strong></span> <span class='ocrx_word' id='word_1_29' title='bbox 332 657 504 710; x_wconf 82' lang='lat' dir='ltr'><strong>majorem</strong></span> <span class='ocrx_word' id='word_1_30' title='bbox 532 660 696 697; x_wconf 85' lang='lat' dir='ltr'><strong>videmus</strong></span> <span class='ocrx_word' id='word_1_31' title='bbox 724 659 915 697; x_wconf 77' lang='lat' dir='ltr'><strong>utilitatem</strong></span> <span class='ocrx_word' id='word_1_32' title='bbox 942 659 1143 697; x_wconf 86' lang='lat' dir='ltr'><strong>sententiae</strong></span> <span class='ocrx_word' id='word_1_33' title='bbox 1170 664 1315 695; x_wconf 85' lang='lat' dir='ltr'><strong>nostrae</strong></span> <span class='ocrx_word' id='word_1_34' title='bbox 1343 659 1448 695; x_wconf 86' lang='lat' dir='ltr'><strong>etiam</strong></span> <span class='ocrx_word' id='word_1_35' title='bbox 1468 658 1513 696; x_wconf 88' lang='lat' dir='ltr'><strong>de</strong></span> <span class='ocrx_word' id='word_1_36' title='bbox 1529 660 1591 708; x_wconf 85' lang='lat' dir='ltr'><strong>iis,</strong></span> 
     </span>
     <span class='ocr_line' id='line_1_7' title="bbox 229 711 1592 766; baseline 0.002 -18"><span class='ocrx_word' id='word_1_37' title='bbox 229 724 322 762; x_wconf 90' lang='lat' dir='ltr'><strong>quae</strong></span> <span class='ocrx_word' id='word_1_38' title='bbox 348 713 385 749; x_wconf 91' lang='lat' dir='ltr'><strong>in</strong></span> <span class='ocrx_word' id='word_1_39' title='bbox 412 714 578 765; x_wconf 83' lang='lat' dir='ltr'><strong>sequenti</strong></span> <span class='ocrx_word' id='word_1_40' title='bbox 591 713 630 766; x_wconf 63' lang='lat' dir='ltr'>g</span> <span class='ocrx_word' id='word_1_41' title='bbox 660 713 858 762; x_wconf 80' lang='lat' dir='ltr'><strong>afferimus,</strong></span> <span class='ocrx_word' id='word_1_42' title='bbox 886 712 954 752; x_wconf 87' lang='lat' dir='ltr'><strong>bac</strong></span> <span class='ocrx_word' id='word_1_43' title='bbox 982 711 1251 762; x_wconf 84' lang='lat' dir='ltr'><strong>reconciliari,</strong></span> <span class='ocrx_word' id='word_1_44' title='bbox 1282 711 1454 764; x_wconf 82' lang='lat' dir='ltr'><strong>indagare</strong></span> <span class='ocrx_word' id='word_1_45' title='bbox 1480 719 1517 751; x_wconf 88' lang='lat' dir='ltr'><strong>et</strong></span> <span class='ocrx_word' id='word_1_46' title='bbox 1541 713 1592 751; x_wconf 85' lang='lat' dir='ltr'><strong>ita</strong></span> 
     </span>
     <span class='ocr_line' id='line_1_8' title="bbox 228 765 1591 819; baseline 0.001 -16"><span class='ocrx_word' id='word_1_47' title='bbox 228 765 409 804; x_wconf 86' lang='lat' dir='ltr'><strong>moderari</strong></span> <span class='ocrx_word' id='word_1_48' title='bbox 436 767 661 817; x_wconf 91' lang='lat' dir='ltr'><strong>conabimur,</strong></span> <span class='ocrx_word' id='word_1_49' title='bbox 687 781 760 804; x_wconf 90' lang='lat' dir='ltr'><strong>non</strong></span> <span class='ocrx_word' id='word_1_50' title='bbox 788 774 829 805; x_wconf 92' lang='lat' dir='ltr'><strong>ut</strong></span> <span class='ocrx_word' id='word_1_51' title='bbox 854 769 926 819; x_wconf 84' lang='lat' dir='ltr'><strong>ipsi</strong></span> <span class='ocrx_word' id='word_1_52' title='bbox 952 768 1142 805; x_wconf 78' lang='lat' dir='ltr'><strong>videamur</strong></span> <span class='ocrx_word' id='word_1_53' title='bbox 1167 766 1303 818; x_wconf 80' lang='lat' dir='ltr'><strong>aliquid</strong></span> <span class='ocrx_word' id='word_1_54' title='bbox 1329 766 1493 813; x_wconf 82' lang='lat' dir='ltr'><strong>finxisse,</strong></span> <span class='ocrx_word' id='word_1_55' title='bbox 1523 768 1591 805; x_wconf 89' lang='lat' dir='ltr'><strong>sed</strong></span> 
     </span>
     <span class='ocr_line' id='line_1_9' title="bbox 227 819 1591 872; baseline 0.002 -16"><span class='ocrx_word' id='word_1_56' title='bbox 227 820 347 857; x_wconf 90' lang='lat' dir='ltr'><strong>omnia</strong></span> <span class='ocrx_word' id='word_1_57' title='bbox 373 820 419 857; x_wconf 86' lang='lat' dir='ltr'><strong>ad</strong></span> <span class='ocrx_word' id='word_1_58' title='bbox 446 821 645 872; x_wconf 84' lang='lat' dir='ltr'><strong>simplicem</strong></span> <span class='ocrx_word' id='word_1_59' title='bbox 673 821 725 858; x_wconf 89' lang='lat' dir='ltr'><strong>rei</strong></span> <span class='ocrx_word' id='word_1_60' title='bbox 747 823 936 859; x_wconf 82' lang='lat' dir='ltr'><strong>veritatem</strong></span> <span class='ocrx_word' id='word_1_61' title='bbox 969 833 1177 859; x_wconf 74' lang='lat' dir='ltr'><strong>revocasse.</strong></span> <span class='ocrx_word' id='word_1_62' title='bbox 1234 819 1405 857; x_wconf 85' lang='lat' dir='ltr'><strong>Omnium</strong></span> <span class='ocrx_word' id='word_1_63' title='bbox 1432 821 1591 870; x_wconf 89' lang='lat' dir='ltr'><strong>primum</strong></span> 
     </span>
     <span class='ocr_line' id='line_1_10' title="bbox 226 872 1590 927; baseline 0.001 -17"><span class='ocrx_word' id='word_1_64' title='bbox 226 873 265 910; x_wconf 89' lang='lat' dir='ltr'><strong>id</strong></span> <span class='ocrx_word' id='word_1_65' title='bbox 293 879 349 911; x_wconf 89' lang='lat' dir='ltr'><strong>est</strong></span> <span class='ocrx_word' id='word_1_66' title='bbox 376 872 656 925; x_wconf 88' lang='lat' dir='ltr'><strong>observandum,</strong></span> <span class='ocrx_word' id='word_1_67' title='bbox 690 874 789 925; x_wconf 90' lang='lat' dir='ltr'><strong>quod</strong></span> <span class='ocrx_word' id='word_1_68' title='bbox 821 876 877 913; x_wconf 81' lang='lat' dir='ltr'><strong>vis</strong></span> <span class='ocrx_word' id='word_1_69' title='bbox 905 872 1187 927; x_wconf 77' lang='lat' dir='ltr'><strong>digammatis‘)</strong></span> <span class='ocrx_word' id='word_1_70' title='bbox 1225 874 1263 911; x_wconf 91' lang='lat' dir='ltr'><strong>in</strong></span> <span class='ocrx_word' id='word_1_71' title='bbox 1301 874 1417 924; x_wconf 87' lang='lat' dir='ltr'><strong>capite</strong></span> <span class='ocrx_word' id='word_1_72' title='bbox 1458 887 1590 912; x_wconf 83' lang='lat' dir='ltr'><strong>vocum</strong></span> 
     </span>
     <span class='ocr_line' id='line_1_11' title="bbox 226 926 1589 981; baseline 0.002 -19"><span class='ocrx_word' id='word_1_73' title='bbox 226 928 265 963; x_wconf 87' lang='lat' dir='ltr'><strong>in</strong></span> <span class='ocrx_word' id='word_1_74' title='bbox 290 927 418 976; x_wconf 88' lang='lat' dir='ltr'><strong>primis</strong></span> <span class='ocrx_word' id='word_1_75' title='bbox 445 929 680 978; x_wconf 85' lang='lat' dir='ltr'><strong>conspicitur.</strong></span> <span class='ocrx_word' id='word_1_76' title='bbox 738 928 813 966; x_wconf 89' lang='lat' dir='ltr'><strong>Sed</strong></span> <span class='ocrx_word' id='word_1_77' title='bbox 839 930 1010 981; x_wconf 88' lang='lat' dir='ltr'><strong>quoniam</strong></span> <span class='ocrx_word' id='word_1_78' title='bbox 1037 940 1219 979; x_wconf 86' lang='lat' dir='ltr'><strong>perpauca</strong></span> <span class='ocrx_word' id='word_1_79' title='bbox 1246 933 1385 964; x_wconf 77' lang='lat' dir='ltr'><strong>tantum</strong></span> <span class='ocrx_word' id='word_1_80' title='bbox 1413 926 1589 965; x_wconf 85' lang='lat' dir='ltr'><strong>vocabula</strong></span> 
     </span>
     <span class='ocr_line' id='line_1_12' title="bbox 225 980 1589 1034; baseline 0.003 -19"><span class='ocrx_word' id='word_1_81' title='bbox 225 980 471 1030; x_wconf 86' lang='lat' dir='ltr'><strong>inveniuntur,</strong></span> <span class='ocrx_word' id='word_1_82' title='bbox 502 982 635 1034; x_wconf 91' lang='lat' dir='ltr'><strong>quibus</strong></span> <span class='ocrx_word' id='word_1_83' title='bbox 672 983 750 1021; x_wconf 84' lang='lat' dir='ltr'><strong>loca</strong></span> <span class='ocrx_word' id='word_1_84' title='bbox 791 984 969 1020; x_wconf 83' lang='lat' dir='ltr'><strong>contraria</strong></span> <span class='ocrx_word' id='word_1_85' title='bbox 1003 997 1078 1019; x_wconf 92' lang='lat' dir='ltr'><strong>non</strong></span> <span class='ocrx_word' id='word_1_86' title='bbox 1101 988 1308 1033; x_wconf 80' lang='lat' dir='ltr'><strong>repugnant</strong></span> <span class='ocrx_word' id='word_1_87' title='bbox 1321 980 1380 1033; x_wconf 80' lang='lat'><strong>“),</strong></span> <span class='ocrx_word' id='word_1_88' title='bbox 1429 987 1467 1018; x_wconf 90' lang='lat' dir='ltr'><strong>et</strong></span> <span class='ocrx_word' id='word_1_89' title='bbox 1492 983 1589 1032; x_wconf 87' lang='lat' dir='ltr'><strong>apud</strong></span> 
     </span>
     <span class='ocr_line' id='line_1_13' title="bbox 226 1034 1588 1089; baseline 0.003 -20"><span class='ocrx_word' id='word_1_90' title='bbox 226 1038 344 1070; x_wconf 86' lang='lat' dir='ltr'><strong>cetera</strong></span> <span class='ocrx_word' id='word_1_91' title='bbox 386 1035 505 1072; x_wconf 89' lang='lat' dir='ltr'><strong>minor</strong></span> <span class='ocrx_word' id='word_1_92' title='bbox 545 1036 732 1089; x_wconf 87' lang='lat' dir='ltr'><strong>majorque</strong></span> <span class='ocrx_word' id='word_1_93' title='bbox 771 1049 854 1087; x_wconf 91' lang='lat' dir='ltr'><strong>pars</strong></span> <span class='ocrx_word' id='word_1_94' title='bbox 895 1036 1112 1084; x_wconf 80' lang='lat' dir='ltr'><strong>doctrinam,</strong></span> <span class='ocrx_word' id='word_1_95' title='bbox 1154 1042 1194 1073; x_wconf 92' lang='lat' dir='ltr'><strong>ut</strong></span> <span class='ocrx_word' id='word_1_96' title='bbox 1233 1035 1412 1087; x_wconf 78' lang='lat' dir='ltr'><strong>digamma</strong></span> <span class='ocrx_word' id='word_1_97' title='bbox 1450 1034 1588 1073; x_wconf 88' lang='lat' dir='ltr'><strong>hiatum</strong></span> 
     </span>
     <span class='ocr_line' id='line_1_14' title="bbox 224 1086 1586 1143; baseline 0.002 -19"><span class='ocrx_word' id='word_1_98' title='bbox 224 1086 396 1139; x_wconf 81' lang='lat' dir='ltr'><strong>emolliat,</strong></span> <span class='ocrx_word' id='word_1_99' title='bbox 425 1091 580 1140; x_wconf 75' lang='lat' dir='ltr'><strong>premit,</strong></span> <span class='ocrx_word' id='word_1_100' title='bbox 594 1091 682 1143; x_wconf 82' lang='lat' dir='ltr'><strong>jure</strong></span> <span class='ocrx_word' id='word_1_101' title='bbox 714 1097 920 1143; x_wconf 83' lang='lat' dir='ltr'><strong>quaeratur,</strong></span> <span class='ocrx_word' id='word_1_102' title='bbox 963 1090 1061 1128; x_wconf 86' lang='lat' dir='ltr'><strong>unde</strong></span> <span class='ocrx_word' id='word_1_103' title='bbox 1106 1090 1197 1128; x_wconf 86' lang='lat' dir='ltr'><strong>haec</strong></span> <span class='ocrx_word' id='word_1_104' title='bbox 1238 1092 1329 1127; x_wconf 85' lang='lat' dir='ltr'><strong>mira</strong></span> <span class='ocrx_word' id='word_1_105' title='bbox 1369 1088 1586 1127; x_wconf 70' lang='lat' dir='ltr'><strong>diversitas?</strong></span> 
     </span>
     <span class='ocr_line' id='line_1_15' title="bbox 224 1140 1583 1197; baseline 0.003 -19"><span class='ocrx_word' id='word_1_106' title='bbox 224 1141 265 1179; x_wconf 86' lang='lat' dir='ltr'><strong>Si</strong></span> <span class='ocrx_word' id='word_1_107' title='bbox 290 1140 377 1192; x_wconf 79' lang='lat' dir='ltr'><strong>loci,</strong></span> <span class='ocrx_word' id='word_1_108' title='bbox 405 1144 468 1195; x_wconf 87' lang='lat' dir='ltr'><strong>qui</strong></span> <span class='ocrx_word' id='word_1_109' title='bbox 493 1152 710 1197; x_wconf 77' lang='lat' dir='ltr'><strong>repugnant,</strong></span> <span class='ocrx_word' id='word_1_110' title='bbox 740 1150 825 1182; x_wconf 90' lang='lat' dir='ltr'><strong>sunt</strong></span> <span class='ocrx_word' id='word_1_111' title='bbox 849 1145 964 1183; x_wconf 82' lang='lat' dir='ltr'><strong>multo</strong></span> <span class='ocrx_word' id='word_1_112' title='bbox 999 1146 1158 1182; x_wconf 86' lang='lat' dir='ltr'><strong>minores</strong></span> <span class='ocrx_word' id='word_1_113' title='bbox 1179 1142 1251 1196; x_wconf 79' lang='grc'><strong>““””),</strong></span> <span class='ocrx_word' id='word_1_114' title='bbox 1288 1157 1433 1181; x_wconf 81' lang='lat' dir='ltr'><strong>causam</strong></span> <span class='ocrx_word' id='word_1_115' title='bbox 1460 1144 1583 1182; x_wconf 87' lang='lat' dir='ltr'><strong>inesse</strong></span> 
     </span>
     <span class='ocr_line' id='line_1_16' title="bbox 223 1196 1580 1250; baseline 0.003 -18"><span class='ocrx_word' id='word_1_116' title='bbox 223 1196 348 1233; x_wconf 86' lang='lat' dir='ltr'><strong>dicunt</strong></span> <span class='ocrx_word' id='word_1_117' title='bbox 375 1196 607 1236; x_wconf 81' lang='lat' dir='ltr'><strong>Grammatici</strong></span> <span class='ocrx_word' id='word_1_118' title='bbox 634 1201 670 1236; x_wconf 89' lang='lat' dir='ltr'><strong>in</strong></span> <span class='ocrx_word' id='word_1_119' title='bbox 697 1200 839 1236; x_wconf 85' lang='lat' dir='ltr'><strong>inscitia</strong></span> <span class='ocrx_word' id='word_1_120' title='bbox 878 1199 1177 1250; x_wconf 84' lang='lat' dir='ltr'><strong>Rhapsodorum,</strong></span> <span class='ocrx_word' id='word_1_121' title='bbox 1207 1198 1270 1249; x_wconf 88' lang='lat' dir='ltr'><strong>qui</strong></span> <span class='ocrx_word' id='word_1_122' title='bbox 1305 1197 1373 1235; x_wconf 88' lang='lat' dir='ltr'><strong>soli</strong></span> <span class='ocrx_word' id='word_1_123' title='bbox 1420 1199 1580 1236; x_wconf 84' lang='lat' dir='ltr'><strong>carmina</strong></span> 
     </span>
     <span class='ocr_line' id='line_1_17' title="bbox 220 1250 1577 1304; baseline 0.001 -17"><span class='ocrx_word' id='word_1_124' title='bbox 220 1250 374 1288; x_wconf 83' lang='lat' dir='ltr'><strong>Homeri</strong></span> <span class='ocrx_word' id='word_1_125' title='bbox 397 1253 524 1302; x_wconf 89' lang='lat' dir='ltr'><strong>primis</strong></span> <span class='ocrx_word' id='word_1_126' title='bbox 549 1253 774 1304; x_wconf 84' lang='lat' dir='ltr'><strong>temporibus</strong></span> <span class='ocrx_word' id='word_1_127' title='bbox 800 1259 1057 1303; x_wconf 78' lang='lat' dir='ltr'><strong>agnoscente8‚</strong></span> <span class='ocrx_word' id='word_1_128' title='bbox 1083 1252 1226 1289; x_wconf 75' lang='lat' dir='ltr'><strong>nullam‘</strong></span> <span class='ocrx_word' id='word_1_129' title='bbox 1246 1252 1323 1288; x_wconf 82' lang='lat' dir='ltr'><strong>sive</strong></span> <span class='ocrx_word' id='word_1_130' title='bbox 1349 1265 1512 1289; x_wconf 88' lang='lat' dir='ltr'><strong>mancam</strong></span> <span class='ocrx_word' id='word_1_131' title='bbox 1530 1252 1577 1289; x_wconf 84' lang='lat' dir='ltr'><strong>de</strong></span> 
     </span>
     <span class='ocr_line' id='line_1_18' title="bbox 220 1303 1574 1355; baseline 0.001 -16"><span class='ocrx_word' id='word_1_132' title='bbox 220 1303 448 1355; x_wconf 75' lang='lat' dir='ltr'><strong>Digammate</strong></span> <span class='ocrx_word' id='word_1_133' title='bbox 477 1305 636 1343; x_wconf 85' lang='lat' dir='ltr'><strong>habuere</strong></span> <span class='ocrx_word' id='word_1_134' title='bbox 663 1308 864 1343; x_wconf 87' lang='lat' dir='ltr'><strong>notionem.</strong></span> <span class='ocrx_word' id='word_1_135' title='bbox 920 1305 1013 1342; x_wconf 89' lang='lat' dir='ltr'><strong>Cum</strong></span> <span class='ocrx_word' id='word_1_136' title='bbox 1040 1318 1107 1341; x_wconf 89' lang='lat' dir='ltr'><strong>nec</strong></span> <span class='ocrx_word' id='word_1_137' title='bbox 1133 1305 1205 1341; x_wconf 86' lang='lat' dir='ltr'><strong>hoc</strong></span> <span class='ocrx_word' id='word_1_138' title='bbox 1233 1304 1379 1352; x_wconf 87' lang='lat' dir='ltr'><strong>sufficit,</strong></span> <span class='ocrx_word' id='word_1_139' title='bbox 1409 1316 1478 1341; x_wconf 86' lang='lat' dir='ltr'><strong>nec</strong></span> <span class='ocrx_word' id='word_1_140' title='bbox 1496 1311 1574 1341; x_wconf 73' lang='lat' dir='ltr'><strong>tex-</strong></span> 
     </span>
     <span class='ocr_line' id='line_1_19' title="bbox 220 1358 1580 1409; baseline 0.001 -16"><span class='ocrx_word' id='word_1_141' title='bbox 220 1363 279 1393; x_wconf 85' lang='lat' dir='ltr'><strong>tus</strong></span> <span class='ocrx_word' id='word_1_142' title='bbox 309 1358 453 1407; x_wconf 86' lang='lat' dir='ltr'><strong>spuriae</strong></span> <span class='ocrx_word' id='word_1_143' title='bbox 480 1359 634 1409; x_wconf 80' lang='lat' dir='ltr'><strong>originis</strong></span> <span class='ocrx_word' id='word_1_144' title='bbox 661 1359 871 1408; x_wconf 82' lang='lat' dir='ltr'><strong>suspicione</strong></span> <span class='ocrx_word' id='word_1_145' title='bbox 905 1358 1076 1409; x_wconf 73' lang='lat' dir='ltr'><strong>adspergi</strong></span> <span class='ocrx_word' id='word_1_146' title='bbox 1115 1363 1250 1408; x_wconf 85' lang='lat' dir='ltr'><strong>potest,</strong></span> <span class='ocrx_word' id='word_1_147' title='bbox 1291 1358 1344 1394; x_wconf 88' lang='lat' dir='ltr'><strong>rei</strong></span> <span class='ocrx_word' id='word_1_148' title='bbox 1383 1359 1474 1394; x_wconf 87' lang='lat' dir='ltr'><strong>ratio</strong></span> <span class='ocrx_word' id='word_1_149' title='bbox 1511 1358 1580 1395; x_wconf 86' lang='lat' dir='ltr'><strong>alio</strong></span> 
     </span>
     <span class='ocr_line' id='line_1_20' title="bbox 220 1410 1580 1464; baseline 0.001 -16"><span class='ocrx_word' id='word_1_150' title='bbox 220 1410 332 1448; x_wconf 87' lang='lat' dir='ltr'><strong>modo</strong></span> <span class='ocrx_word' id='word_1_151' title='bbox 359 1417 416 1448; x_wconf 93' lang='lat' dir='ltr'><strong>est</strong></span> <span class='ocrx_word' id='word_1_152' title='bbox 443 1411 672 1450; x_wconf 86' lang='lat' dir='ltr'><strong>declaranda.</strong></span> <span class='ocrx_word' id='word_1_153' title='bbox 715 1411 871 1464; x_wconf 79' lang='lat' dir='ltr'><strong>Fragilis</strong></span> <span class='ocrx_word' id='word_1_154' title='bbox 899 1418 955 1450; x_wconf 89' lang='lat' dir='ltr'><strong>est</strong></span> <span class='ocrx_word' id='word_1_155' title='bbox 980 1411 1040 1449; x_wconf 81' lang='lat' dir='ltr'><strong>illa</strong></span> <span class='ocrx_word' id='word_1_156' title='bbox 1075 1410 1238 1449; x_wconf 87' lang='lat' dir='ltr'><strong>doctrina</strong></span> <span class='ocrx_word' id='word_1_157' title='bbox 1265 1410 1311 1448; x_wconf 89' lang='lat' dir='ltr'><strong>de</strong></span> <span class='ocrx_word' id='word_1_158' title='bbox 1350 1410 1580 1463; x_wconf 76' lang='lat' dir='ltr'><strong>digammate,</strong></span> 
     </span>
     <span class='ocr_line' id='line_1_21' title="bbox 219 1464 1579 1518; baseline 0.001 -17"><span class='ocrx_word' id='word_1_159' title='bbox 219 1476 327 1516; x_wconf 86' lang='lat' dir='ltr'><strong>qnam</strong></span> <span class='ocrx_word' id='word_1_160' title='bbox 353 1479 373 1501; x_wconf 92' lang='lat' dir='ltr'><strong>a</strong></span> <span class='ocrx_word' id='word_1_161' title='bbox 401 1465 538 1515; x_wconf 83' lang='lat' dir='ltr'><strong>multis,</strong></span> <span class='ocrx_word' id='word_1_162' title='bbox 571 1466 827 1504; x_wconf 74' lang='lat' dir='ltr'><strong>Thiersclaium</strong></span> <span class='ocrx_word' id='word_1_163' title='bbox 842 1464 879 1518; x_wconf 90' lang='lat'><strong>†)</strong></span> <span class='ocrx_word' id='word_1_164' title='bbox 908 1465 1158 1517; x_wconf 80' lang='lat' dir='ltr'><strong>sequentihus,</strong></span> <span class='ocrx_word' id='word_1_165' title='bbox 1181 1464 1370 1516; x_wconf 87' lang='lat' dir='ltr'><strong>probatam</strong></span> <span class='ocrx_word' id='word_1_166' title='bbox 1400 1466 1579 1514; x_wconf 82' lang='lat' dir='ltr'><strong>videmus,</strong></span> 
     </span>
     <span class='ocr_line' id='line_1_22' title="bbox 218 1517 1579 1568; baseline 0 -11"><span class='ocrx_word' id='word_1_167' title='bbox 218 1520 288 1557; x_wconf 87' lang='lat' dir='ltr'><strong>etsi</strong></span> <span class='ocrx_word' id='word_1_168' title='bbox 328 1519 521 1568; x_wconf 82' lang='lat' dir='ltr'><strong>Prisciani,</strong></span> <span class='ocrx_word' id='word_1_169' title='bbox 558 1520 624 1557; x_wconf 84' lang='lat' dir='ltr'><strong>sed</strong></span> <span class='ocrx_word' id='word_1_170' title='bbox 669 1521 789 1557; x_wconf 90' lang='lat' dir='ltr'><strong>minus</strong></span> <span class='ocrx_word' id='word_1_171' title='bbox 827 1524 926 1557; x_wconf 88' lang='lat' dir='ltr'><strong>recte</strong></span> <span class='ocrx_word' id='word_1_172' title='bbox 964 1518 1162 1566; x_wconf 85' lang='lat' dir='ltr'><strong>intellecto,</strong></span> <span class='ocrx_word' id='word_1_173' title='bbox 1206 1517 1423 1568; x_wconf 85' lang='lat' dir='ltr'><strong>obsequitur</strong></span> <span class='ocrx_word' id='word_1_174' title='bbox 1462 1519 1579 1557; x_wconf 89' lang='lat' dir='ltr'><strong>dicto:</strong></span> 
     </span>
     <span class='ocr_line' id='line_1_23' title="bbox 215 1571 1581 1625; baseline 0 -16"><span class='ocrx_word' id='word_1_175' title='bbox 215 1572 432 1623; x_wconf 76' lang='lat' dir='ltr'><strong>&#39;’diqamma</strong></span> <span class='ocrx_word' id='word_1_176' title='bbox 470 1575 617 1624; x_wconf 82' lang='lat' dir='ltr'><strong>quando</strong></span> <span class='ocrx_word' id='word_1_177' title='bbox 659 1575 698 1610; x_wconf 80' lang='lat' dir='ltr'><strong>in</strong></span> <span class='ocrx_word' id='word_1_178' title='bbox 719 1579 832 1610; x_wconf 81' lang='lat' dir='ltr'><strong>metro</strong></span> <span class='ocrx_word' id='word_1_179' title='bbox 868 1586 942 1623; x_wconf 84' lang='lat' dir='ltr'><strong>pro</strong></span> <span class='ocrx_word' id='word_1_180' title='bbox 968 1572 1086 1609; x_wconf 77' lang='lat' dir='ltr'><strong>nihilo</strong></span> <span class='ocrx_word' id='word_1_181' title='bbox 1114 1573 1346 1623; x_wconf 76' lang='lat' dir='ltr'><strong>accipiebant</strong></span> <span class='ocrx_word' id='word_1_182' title='bbox 1368 1571 1532 1625; x_wconf 87' lang='lat' dir='ltr'><strong>(Aeoles)</strong></span> <span class='ocrx_word' id='word_1_183' title='bbox 1543 1572 1581 1621; x_wconf 86' lang='lat'><strong>;&#39;’</strong></span> 
     </span>
     <span class='ocr_line' id='line_1_24' title="bbox 214 1624 1580 1682; baseline 0.001 -18"><span class='ocrx_word' id='word_1_184' title='bbox 214 1625 337 1664; x_wconf 82' lang='lat' dir='ltr'><strong>verbis</strong></span> <span class='ocrx_word' id='word_1_185' title='bbox 365 1626 569 1678; x_wconf 84' lang='lat' dir='ltr'><strong>exemplum</strong></span> <span class='ocrx_word' id='word_1_186' title='bbox 595 1625 717 1665; x_wconf 83' lang='lat' dir='ltr'><strong>addit.-</strong></span> <span class='ocrx_word' id='word_1_187' title='bbox 745 1624 866 1679; x_wconf 78' lang='grc' dir='ltr'><em>ἄμμες</em></span> <span class='ocrx_word' id='word_1_188' title='bbox 892 1626 926 1668; x_wconf 83' lang='grc' dir='ltr'><strong>δ’</strong></span> <span class='ocrx_word' id='word_1_189' title='bbox 955 1624 1147 1682; x_wconf 70' lang='grc' dir='ltr'><strong><em>Ρειρᾶναν.</em></strong></span> <span class='ocrx_word' id='word_1_190' title='bbox 1202 1627 1258 1664; x_wconf 86' lang='lat' dir='ltr'><strong>Ex</strong></span> <span class='ocrx_word' id='word_1_191' title='bbox 1298 1624 1368 1663; x_wconf 86' lang='lat' dir='ltr'><strong>hoc</strong></span> <span class='ocrx_word' id='word_1_192' title='bbox 1412 1627 1580 1679; x_wconf 81' lang='lat' dir='ltr'><strong>exemplo</strong></span> 
     </span>
    </p>
   </div>
   <div class='ocr_carea' id='block_1_4' title="bbox 206 1705 441 1715">
    <p class='ocr_par' dir='ltr' id='par_1_4' title="bbox 206 1705 441 1715">
     <span class='ocr_line' id='line_1_25' title="bbox 206 1705 441 1715; baseline 0 1287"><span class='ocrx_word' id='word_1_193' title='bbox 206 1705 441 1715; x_wconf 95' lang='lat' dir='ltr'><strong> </strong></span> 
     </span>
    </p>
   </div>
   <div class='ocr_carea' id='block_1_5' title="bbox 254 1748 1490 1799">
    <p class='ocr_par' dir='ltr' id='par_1_5' title="bbox 254 1748 1490 1799">
     <span class='ocr_line' id='line_1_26' title="bbox 254 1748 1490 1799; baseline -0.001 -16"><span class='ocrx_word' id='word_1_194' title='bbox 254 1750 287 1799; x_wconf 72' lang='lat'><strong>‘)</strong></span> <span class='ocrx_word' id='word_1_195' title='bbox 333 1749 385 1783; x_wconf 88' lang='lat' dir='ltr'><strong>De</strong></span> <span class='ocrx_word' id='word_1_196' title='bbox 410 1750 443 1784; x_wconf 88' lang='lat' dir='ltr'><strong>vi</strong></span> <span class='ocrx_word' id='word_1_197' title='bbox 463 1751 580 1786; x_wconf 85' lang='lat' dir='ltr'><strong>literae</strong></span> <span class='ocrx_word' id='word_1_198' title='bbox 603 1749 744 1796; x_wconf 78' lang='lat' dir='ltr'><strong>legenda</strong></span> <span class='ocrx_word' id='word_1_199' title='bbox 767 1755 818 1783; x_wconf 85' lang='lat' dir='ltr'><strong>est</strong></span> <span class='ocrx_word' id='word_1_200' title='bbox 843 1749 897 1783; x_wconf 90' lang='lat' dir='ltr'><strong>Cl.</strong></span> <span class='ocrx_word' id='word_1_201' title='bbox 922 1748 1052 1782; x_wconf 79' lang='lat' dir='ltr'><strong>Buttm.</strong></span> <span class='ocrx_word' id='word_1_202' title='bbox 1080 1748 1218 1783; x_wconf 85' lang='lat' dir='ltr'><strong>Griech.</strong></span> <span class='ocrx_word' id='word_1_203' title='bbox 1245 1748 1305 1783; x_wconf 89' lang='lat' dir='ltr'><strong>Gr.</strong></span> <span class='ocrx_word' id='word_1_204' title='bbox 1337 1748 1369 1796; x_wconf 63' lang='grc' dir='ltr'><strong>ἓ.</strong></span> <span class='ocrx_word' id='word_1_205' title='bbox 1394 1750 1428 1783; x_wconf 88' lang='grc'><strong>6.</strong></span> <span class='ocrx_word' id='word_1_206' title='bbox 1457 1748 1490 1782; x_wconf 92' lang='grc'><strong>6.</strong></span> 
     </span>
    </p>
   </div>
   <div class='ocr_carea' id='block_1_6' title="bbox 253 1810 1578 2144">
    <p class='ocr_par' dir='ltr' id='par_1_6' title="bbox 253 1810 1578 2144">
     <span class='ocr_line' id='line_1_27' title="bbox 253 1810 1576 1857; baseline 0.001 -14"><span class='ocrx_word' id='word_1_207' title='bbox 253 1810 316 1857; x_wconf 61' lang='grc' dir='ltr'><strong>θ’)</strong></span> <span class='ocrx_word' id='word_1_208' title='bbox 339 1811 531 1845; x_wconf 77' lang='lat' dir='ltr'><strong>vocabula:</strong></span> <span class='ocrx_word' id='word_1_209' title='bbox 554 1812 681 1854; x_wconf 78' lang='grc' dir='ltr'><strong><em>ἁλῶναι,</em></strong></span> <span class='ocrx_word' id='word_1_210' title='bbox 702 1812 826 1855; x_wconf 72' lang='grc' dir='ltr'><em>ἀραιάς.</em></span> <span class='ocrx_word' id='word_1_211' title='bbox 848 1811 931 1853; x_wconf 69' lang='grc' dir='ltr'><strong><em>ἕδνα,</em></strong></span> <span class='ocrx_word' id='word_1_212' title='bbox 961 1810 1066 1850; x_wconf 67' lang='grc' dir='ltr'><strong><em>ἔθνος,</em></strong></span> <span class='ocrx_word' id='word_1_213' title='bbox 1085 1811 1228 1856; x_wconf 75' lang='grc' dir='ltr'><strong><em>ἕσπερος,</em></strong></span> <span class='ocrx_word' id='word_1_214' title='bbox 1249 1810 1318 1855; x_wconf 79' lang='grc' dir='ltr'><strong>ἔτης</strong></span> <span class='ocrx_word' id='word_1_215' title='bbox 1340 1811 1413 1845; x_wconf 84' lang='lat' dir='ltr'><strong>sine</strong></span> <span class='ocrx_word' id='word_1_216' title='bbox 1441 1817 1576 1845; x_wconf 88' lang='lat' dir='ltr'><strong>contro-</strong></span> 
     </span>
     <span class='ocr_line' id='line_1_28' title="bbox 344 1855 1027 1902; baseline 0 -13"><span class='ocrx_word' id='word_1_217' title='bbox 344 1855 451 1890; x_wconf 80' lang='lat' dir='ltr'><strong>versia</strong></span> <span class='ocrx_word' id='word_1_218' title='bbox 473 1856 509 1889; x_wconf 88' lang='lat' dir='ltr'><strong>in</strong></span> <span class='ocrx_word' id='word_1_219' title='bbox 531 1857 679 1891; x_wconf 88' lang='lat' dir='ltr'><strong>Homero</strong></span> <span class='ocrx_word' id='word_1_220' title='bbox 704 1857 869 1902; x_wconf 79' lang='lat' dir='ltr'><strong>digamma</strong></span> <span class='ocrx_word' id='word_1_221' title='bbox 893 1855 1027 1889; x_wconf 80' lang='lat' dir='ltr'><strong>habent.</strong></span> 
     </span>
     <span class='ocr_line' id='line_1_29' title="bbox 259 1915 1578 1969; baseline -0.002 -18"><span class='ocrx_word' id='word_1_222' title='bbox 259 1918 343 1964; x_wconf 54' lang='grc' dir='ltr'><strong>ἐθ’)</strong></span> <span class='ocrx_word' id='word_1_223' title='bbox 367 1930 421 1951; x_wconf 78' lang='lat' dir='ltr'><strong>ex.</strong></span> <span class='ocrx_word' id='word_1_224' title='bbox 445 1931 496 1963; x_wconf 76' lang='lat' dir='ltr'><strong>gr.</strong></span> <span class='ocrx_word' id='word_1_225' title='bbox 522 1924 598 1951; x_wconf 84' lang='lat' dir='ltr'><strong>ante</strong></span> <span class='ocrx_word' id='word_1_226' title='bbox 620 1915 668 1961; x_wconf 71' lang='grc' dir='ltr'><strong>οὗ,</strong></span> <span class='ocrx_word' id='word_1_227' title='bbox 699 1918 741 1962; x_wconf 79' lang='grc' dir='ltr'><strong>οἵ,</strong></span> <span class='ocrx_word' id='word_1_228' title='bbox 778 1918 793 1954; x_wconf 78' lang='grc' dir='ltr'>ἔ</span> <span class='ocrx_word' id='word_1_229' title='bbox 825 1917 950 1964; x_wconf 78' lang='lat' dir='ltr'><strong>septies</strong></span> <span class='ocrx_word' id='word_1_230' title='bbox 981 1922 1108 1950; x_wconf 84' lang='lat' dir='ltr'><strong>tantum</strong></span> <span class='ocrx_word' id='word_1_231' title='bbox 1142 1916 1230 1969; x_wconf 82' lang='lat' dir='ltr'><strong>apud</strong></span> <span class='ocrx_word' id='word_1_232' title='bbox 1266 1917 1451 1951; x_wconf 80' lang='lat' dir='ltr'><strong>Homerum</strong></span> <span class='ocrx_word' id='word_1_233' title='bbox 1486 1916 1578 1949; x_wconf 79' lang='lat' dir='ltr'><strong>inve-</strong></span> 
     </span>
     <span class='ocr_line' id='line_1_30' title="bbox 332 1960 1577 2008; baseline -0.002 -12"><span class='ocrx_word' id='word_1_234' title='bbox 332 1962 473 1996; x_wconf 88' lang='lat' dir='ltr'><strong>niuntur</strong></span> <span class='ocrx_word' id='word_1_235' title='bbox 504 1963 614 1997; x_wconf 85' lang='lat' dir='ltr'><strong>hiatus</strong></span> <span class='ocrx_word' id='word_1_236' title='bbox 662 1963 800 2007; x_wconf 77' lang='lat' dir='ltr'><strong>omissi3</strong></span> <span class='ocrx_word' id='word_1_237' title='bbox 823 1982 864 1991; x_wconf 90' lang='lat'><strong>—</strong></span> <span class='ocrx_word' id='word_1_238' title='bbox 890 1961 1082 2008; x_wconf 76' lang='lat' dir='ltr'><strong>digammati</strong></span> <span class='ocrx_word' id='word_1_239' title='bbox 1103 1972 1196 1994; x_wconf 79' lang='lat' dir='ltr'><strong>vocis</strong></span> <span class='ocrx_word' id='word_1_240' title='bbox 1217 1960 1308 1999; x_wconf 76' lang='grc' dir='ltr'>ἔοικε,</span> <span class='ocrx_word' id='word_1_241' title='bbox 1329 1962 1417 2008; x_wconf 86' lang='lat' dir='ltr'><strong>quod</strong></span> <span class='ocrx_word' id='word_1_242' title='bbox 1436 1961 1577 1995; x_wconf 82' lang='lat' dir='ltr'><strong>verbum</strong></span> 
     </span>
     <span class='ocr_line' id='line_1_31' title="bbox 335 2006 1575 2054; baseline -0.002 -13"><span class='ocrx_word' id='word_1_243' title='bbox 335 2008 370 2041; x_wconf 89' lang='lat' dir='ltr'><strong>in</strong></span> <span class='ocrx_word' id='word_1_244' title='bbox 408 2009 485 2054; x_wconf 86' lang='lat' dir='ltr'><strong>plus</strong></span> <span class='ocrx_word' id='word_1_245' title='bbox 523 2020 623 2054; x_wconf 79' lang='lat' dir='ltr'><strong>qnam</strong></span> <span class='ocrx_word' id='word_1_246' title='bbox 665 2009 792 2042; x_wconf 82' lang='lat' dir='ltr'><strong>centies</strong></span> <span class='ocrx_word' id='word_1_247' title='bbox 828 2007 954 2054; x_wconf 75' lang='lat' dir='ltr'><strong>legitur</strong></span> <span class='ocrx_word' id='word_1_248' title='bbox 975 2006 1073 2050; x_wconf 83' lang='lat' dir='ltr'><strong>locis,</strong></span> <span class='ocrx_word' id='word_1_249' title='bbox 1107 2018 1229 2039; x_wconf 88' lang='lat' dir='ltr'><strong>novem</strong></span> <span class='ocrx_word' id='word_1_250' title='bbox 1264 2006 1338 2041; x_wconf 86' lang='lat' dir='ltr'><strong>loca</strong></span> <span class='ocrx_word' id='word_1_251' title='bbox 1373 2012 1575 2052; x_wconf 80' lang='lat' dir='ltr'><strong>repugnant.</strong></span> 
     </span>
     <span class='ocr_line' id='line_1_32' title="bbox 339 2050 1574 2133; baseline 0 -48"><span class='ocrx_word' id='word_1_252' title='bbox 339 2052 412 2131; x_wconf 46' lang='lat' dir='ltr'><strong>(list.</strong></span> <span class='ocrx_word' id='word_1_253' title='bbox 436 2053 607 2131; x_wconf 55' lang='grc' dir='ltr'><strong>Ηεέηιαέι.</strong></span> <span class='ocrx_word' id='word_1_254' title='bbox 642 2065 774 2133; x_wconf 63' lang='grc' dir='ltr'><strong>εοηὲην.</strong></span> <span class='ocrx_word' id='word_1_255' title='bbox 811 2052 853 2086; x_wconf 87' lang='lat'><strong>11.</strong></span> <span class='ocrx_word' id='word_1_256' title='bbox 887 2053 1022 2130; x_wconf 71' lang='lat' dir='ltr'><strong>Hleym‘i</strong></span> <span class='ocrx_word' id='word_1_257' title='bbox 1034 2051 1084 2130; x_wconf 56' lang='lat' dir='ltr'><strong>gn</strong></span> <span class='ocrx_word' id='word_1_258' title='bbox 1106 2051 1249 2129; x_wconf 55' lang='lat' dir='ltr'><strong>Eygnrem.</strong></span> <span class='ocrx_word' id='word_1_259' title='bbox 1276 2052 1327 2086; x_wconf 84' lang='lat' dir='ltr'><strong>lit.</strong></span> <span class='ocrx_word' id='word_1_260' title='bbox 1353 2051 1449 2098; x_wconf 78' lang='lat' dir='ltr'><strong>Lips.</strong></span> <span class='ocrx_word' id='word_1_261' title='bbox 1477 2050 1574 2098; x_wconf 74' lang='lat'>1803-</span> 
     </span>
     <span class='ocr_line' id='line_1_33' title="bbox 361 2098 1204 2144; baseline -0.002 -14"><span class='ocrx_word' id='word_1_262' title='bbox 361 2098 409 2130; x_wconf 61' lang='lat' dir='ltr'><strong>Y:o</strong></span> <span class='ocrx_word' id='word_1_263' title='bbox 438 2098 470 2131; x_wconf 88' lang='lat'><strong>5.</strong></span> <span class='ocrx_word' id='word_1_264' title='bbox 526 2111 597 2131; x_wconf 86' lang='lat' dir='ltr'><strong>on.</strong></span> <span class='ocrx_word' id='word_1_265' title='bbox 623 2104 667 2131; x_wconf 83' lang='lat' dir='ltr'><strong>et.</strong></span> <span class='ocrx_word' id='word_1_266' title='bbox 719 2099 906 2144; x_wconf 77' lang='lat' dir='ltr'><strong>pitznerum</strong></span> <span class='ocrx_word' id='word_1_267' title='bbox 944 2123 952 2131; x_wconf 91' lang='lat'><strong>.</strong></span> <span class='ocrx_word' id='word_1_268' title='bbox 976 2109 1007 2131; x_wconf 86' lang='lat' dir='ltr'><strong>c.</strong></span> <span class='ocrx_word' id='word_1_269' title='bbox 1063 2108 1116 2141; x_wconf 85' lang='lat' dir='ltr'><strong>ap.</strong></span> <span class='ocrx_word' id='word_1_270' title='bbox 1196 2120 1204 2129; x_wconf 90' lang='lat'><strong>.</strong></span> 
     </span>
    </p>
   </div>
   <div class='ocr_carea' id='block_1_7' title="bbox 253 2148 1098 2251">
    <p class='ocr_par' dir='ltr' id='par_1_7' title="bbox 253 2148 1098 2251">
     <span class='ocr_line' id='line_1_34' title="bbox 253 2148 1098 2197; baseline -0.004 -13"><span class='ocrx_word' id='word_1_271' title='bbox 253 2151 295 2194; x_wconf 79' lang='lat'><strong>÷&gt;</strong></span> <span class='ocrx_word' id='word_1_272' title='bbox 344 2149 515 2184; x_wconf 65' lang='lat' dir='ltr'><strong>merset..</strong></span> <span class='ocrx_word' id='word_1_273' title='bbox 543 2150 679 2185; x_wconf 58' lang='lat' dir='ltr'><strong>erioch.</strong></span> <span class='ocrx_word' id='word_1_274' title='bbox 706 2151 768 2183; x_wconf 71' lang='lat' dir='ltr'><strong>cr.</strong></span> <span class='ocrx_word' id='word_1_275' title='bbox 791 2150 843 2197; x_wconf 62' lang='lat' dir='ltr'><strong>gg.</strong></span> <span class='ocrx_word' id='word_1_276' title='bbox 868 2150 934 2183; x_wconf 85' lang='lat'><strong>154</strong></span> <span class='ocrx_word' id='word_1_277' title='bbox 959 2170 999 2176; x_wconf 91' lang='lat'>-</span> <span class='ocrx_word' id='word_1_278' title='bbox 1024 2148 1098 2182; x_wconf 87' lang='lat'><strong>158.</strong></span> 
     </span>
     <span class='ocr_line' id='line_1_35' title="bbox 659 2214 682 2251; baseline 0 0"><span class='ocrx_word' id='word_1_279' title='bbox 659 2214 682 2251; x_wconf 86' lang='grc'>3</span> 
     </span>
    </p>
   </div>
  </div>
 </body>
</html>
