1890 3002
855 194 1118 230 ...182-

280 311 461 350 conflatur
484 316 519 346 et
546 307 713 352 efficitur,
743 307 783 344 δὲ
825 309 911 340 ante
938 301 1120 352 digamma
1168 298 1431 350 Apostrophen
1472 300 1596 338 subire
1611 302 1652 352 ‘)

277 368 304 404 i.
337 380 370 403 e.
400 365 577 414 digamma
602 364 756 410 propter
776 372 923 405 vocum,
948 370 1015 407 per
1039 353 1303 406 Apostrophen
1323 362 1459 405 ortum,
1482 356 1648 393 intimum

278 432 414 457 nexum
439 415 562 466 abjici.
620 412 737 465 (Hinc
762 426 853 449 vero
878 410 966 448 nihil
995 409 1093 447 aliud
1121 410 1300 459 sequitur,
1330 411 1401 447 nisi
1428 418 1467 448 ut
1494 409 1650 446 vocabu-

279 475 354 511 lum
382 485 463 509 cum
492 467 610 506 vocali
638 467 823 519 incipiat.)
875 464 985 515 Quod
1027 463 1072 501 de
1107 462 1284 515 particula
1324 466 1368 504 δέ
1403 467 1533 515 valet‚-
1558 465 1654 503 valet

279 528 384 564 etiam
414 523 461 560 de
488 523 727 573 compositis:
756 520 830 567 ὅδε,
858 520 943 566 ὧδε,
969 518 1069 566 οὐδέ,
1102 520 1201 570 μηδέ
1235 523 1272 553 et
1315 517 1361 555 de
1399 520 1577 558 enclitieis
1605 536 1656 569 γε,

278 578 386 630 τε“),
417 590 511 629 quae
540 575 724 614 interdum
751 577 1046 626 interponuntur,
1070 578 1111 609 ut
1128 571 1307 623 digamma
1326 585 1400 609 non
1421 574 1654 623 observetur,

276 640 311 670 et
350 631 449 668 unde
501 630 716 678 deducitur,
759 635 799 665 ut
836 630 1018 679 digamma
1058 632 1143 677 post
1179 626 1442 678 Apostrophen
1481 630 1652 666 elidatur.

275 687 376 723 Dum
405 698 493 722 vero
524 683 615 720 baec
645 683 839 734 dispositio
866 681 913 719 ad
940 680 1060 719 omnia
1090 679 1305 717 declaranda
1344 694 1458 731 parvo
1499 685 1547 720 sit
1589 683 1652 720 ad-

274 740 464 792 jumento,
494 737 648 774 ulterius
695 736 929 774 contenditur
943 734 1021 787 “*'):
1067 735 1176 772 sicuti
1218 734 1407 784 proprium
1449 742 1505 773 est
1531 737 1657 775 verbis

278 793 498 846 quibusdam
527 791 668 829 literam
697 806 799 829 suam
828 791 994 842 primam,
1024 788 1205 827 interdum
1234 794 1270 826 et
1309 789 1524 838 secundam,
1559 791 1653 842 abji-

278 862 363 885 cere
391 868 440 875 —
466 849 564 885 ἴδιον
597 844 667 897 γάρ
704 844 841 884 Ἰώνων
878 847 941 883 καὶ
979 846 1144 882 Αἰολέων
1182 842 1231 882 τά
1272 843 1344 881 ῖιῖν
1382 847 1508 891 λεξέων
1528 849 1660 898 πρῶτα

279 900 463 954 σύμφωνα
502 902 631 949 αἴρειν,
669 901 739 938 εἴτε
767 902 806 938 ἕν
836 900 940 948 τυχοί
976 894 1018 935 ὅν
1045 900 1116 936 εἴτε
1144 895 1213 936 δύο
1245 915 1299 923 -
1334 897 1423 936 dicit
1463 899 1656 937 Heraclid.

278 957 376 1006 apud
395 953 561 990 Eustath.
594 953 639 989 ad
669 952 813 1003 Odyss.
839 966 878 1002 p.
914 951 1030 988 1647.
1047 950 1086 1001 “”)
1115 950 1215 1001 quod
1229 964 1346 1001 genus
1370 955 1525 1006 φθέῤῥω
1552 957 1661 1007 ἐῤῥω,

279 1009 442 1061 πλευράξ
479 1006 614 1057 εὐράξ,
657 1004 854 1060 λαιψερός,
895 1002 1049 1058 αἰψερός
1072 1024 1122 1032 -
1167 1005 1215 1041 ita
1235 1017 1304 1041 nec
1331 1008 1554 1045 eontrarium
1594 1022 1660 1045 na-

280 1070 382 1101 turae
410 1075 477 1099 nec
512 1061 625 1098 indoli
653 1056 799 1112 linguae
825 1073 906 1097 esse
933 1064 1070 1109 potest,
1108 1063 1149 1094 ut
1175 1072 1286 1095 voees
1313 1060 1448 1110 quibus
1474 1061 1654 1113 digamma

281 1117 391 1165 adsit,
420 1129 692 1166 nonnumquam
719 1115 976 1165 aspirationem
1018 1112 1212 1161 retineant,
1259 1126 1522 1166 nonnunquam
1549 1117 1657 1153 omit-

282 1178 373 1217 tant,
401 1171 566 1220 inprimis
603 1170 636 1206 si
662 1168 885 1205 mutabilitas
931 1167 1013 1204 soni
1049 1167 1245 1216 respicitur
1262 1166 1322 1219 ““”).
1391 1169 1482 1207 Inde
1511 1171 1656 1208 demum

283 1225 512 1261 declarantur
536 1222 618 1258 loca
645 1228 686 1257 ut
711 1223 781 1270 εἴγε
803 1224 871 1269 μὲν
894 1222 1028 1271 εἰδείης
1051 1219 1127 1256 Od.
1156 1236 1184 1265 ε,
1212 1221 1304 1258 206.
1340 1229 1428 1270 ἔπος
1454 1231 1490 1262 et
1515 1226 1654 1272 Εέπος,

284 1276 378 1323 ἄναξ
402 1283 439 1314 et
466 1277 595 1320 Εαναξ
620 1288 657 1311 e.
686 1287 718 1310 s.
748 1288 786 1323 p.
804 1273 864 1325 “).
920 1272 960 1309 Si
990 1279 1026 1309 et
1053 1272 1099 1309 ad
1126 1274 1335 1322 opinionem
1367 1290 1470 1314 suam
1507 1292 1657 1316 conser-

288 1330 443 1367 vandam
470 1334 647 1379 provocet
664 1326 745 1379 ‘''):
775 1339 964 1378 syncopen
988 1327 1056 1364 τοῦ
1082 1325 1123 1362 F
1142 1327 1180 1363 in
1208 1327 1326 1364 media
1352 1343 1458 1378 voce,
1487 1337 1528 1367 ut
1553 1330 1659 1384 εὔκη-

287 1387 365 1431 λος,
388 1384 552 1435 ἐΊῦιηλος
577 1388 613 1418 et
639 1384 779 1432 ἕκηλος,
813 1379 947 1430 azimo,
986 1377 1116 1430 o'c'FtaQ
1158 1386 1193 1416 et
1227 1378 1339 1433 ἄταρ,
1373 1382 1586 1425 ἀλεύασθαι
1622 1393 1658 1423 et

285 1438 473 1476 ἀλέασθαι
499 1442 536 1472 et
560 1436 627 1473 τσῦ
658 1449 684 1472 υ
735 1434 946 1470 Latinorum
988 1433 1026 1468 in
1067 1433 1264 1481 praeterito
1302 1436 1474 1474 Perfecto
1509 1445 1658 1489 quartae

286 1489 572 1542 conjugationi5‚
602 1485 701 1537 quod
730 1486 788 1523 vel
821 1487 859 1523 in
890 1486 948 1522 ivi
969 1485 1059 1533 exit,
1094 1484 1153 1522 vel
1191 1485 1334 1526 sublato
1375 1489 1592 1541 digammate
1619 1495 1658 1530 in

286 1546 329 1590 ii,
360 1557 427 1594 pro
455 1547 583 1579 nostro
609 1539 774 1586 arbitrio,
798 1548 838 1577 ut
878 1539 964 1576 lenii
997 1546 1033 1576 et
1059 1538 1186 1588 lenivi,
1213 1540 1306 1579 aliae
1341 1543 1452 1596 plane
1478 1547 1532 1583 rei
1553 1545 1659 1585 ‘sunt

288 1603 324 1633 et
351 1596 483 1633 nullam
518 1595 657 1631 faciunt
694 1593 802 1630 fidem
831 1592 1080 1644 conjecturae,
1120 1598 1160 1629 ut
1188 1593 1368 1646 digamma
1408 1598 1446 1634 in
1474 1600 1654 1651 principio

284 1665 417 1688 vocum
446 1663 542 1686 nunc
569 1647 803 1699 adjiceretur,
846 1661 946 1684 nunc
973 1648 1215 1684 omitteretur.
1269 1650 1363 1687 Tota
1389 1644 1503 1703 igitur
1524 1653 1653 1706 dispu-

284 1707 373 1743 tatio
400 1710 436 1743 et
462 1703 728 1755 argumentatio
752 1702 882 1740 leviter
925 1701 1074 1739 fundata
1116 1708 1188 1751 est⁷
1229 1709 1266 1740 et
1299 1705 1339 1742 in
1364 1719 1510 1744 arenam
1554 1708 1656 1747 ducit

285 1759 560 1796 controversiae
584 1757 744 1807 plenam.
799 1756 978 1804 Quaestio
1002 1755 1113 1794 nobis
1138 1757 1189 1794 ita
1214 1759 1402 1798 tractanda
1427 1762 1586 1812 videtur,
1614 1772 1654 1800 ut
1694 1766 1696 1768 ’

331 1881 370 1925 0)
398 1879 499 1913 Conf.
529 1878 703 1912 Thierselz.
728 1879 752 1912 1.
777 1889 808 1910 c.
860 1877 950 1910 .⁴35.
974 1874 1007 1910 6.
1031 1876 1066 1910 2.

327 1926 376 1970 ·“)
402 1923 579 1956 Thiersch.
604 1922 635 1970 §.
661 1923 739 1957 158.
761 1920 795 1954 6.
846 1945 855 1954 .
879 1920 912 1954 8.
937 1920 970 1954 9.

329 1969 393 2016 “·)
421 1968 596 2002 Thio-seh.
621 1969 646 2002 l.
670 1981 702 2002 c.
726 1967 759 2016 ἓ.
786 1965 862 1999 158.
890 1967 942 2000 12.
967 1966 1062 1999 Am.

328 2014 356 2057 ⁶)
404 2014 578 2047 Thio-sch.
603 2014 629 2047 l.
651 2027 681 2047 c.
727 2038 735 2046 .
763 2011 839 2044 158.
866 2011 922 2045 12.
945 2012 1039 2045 Ann.

331 2058 375 2102 ⁰)
403 2058 574 2092 Tmen-sela.
599 2058 627 2092 l.
649 2071 680 2092 e.
727 2083 738 2091 .
763 2055 843 2089 158.
867 2055 921 2090 13.

330 2101 391 2147 ⁶⁰)
405 2103 580 2138 Thiersch.
605 2104 631 2138 l.
652 2117 685 2138 c.
733 2127 742 2136 .
773 2101 848 2135 158.
876 2102 930 2136 15.
