1890 3002
785 228 1080 281 ...37-.’

237 342 360 383 eadem
387 342 535 382 variatio
561 344 599 382 in
624 343 835 396 compositis
864 355 946 381 cum
974 343 1308 397 praepositionibus
1350 346 1430 384 sine
1459 343 1596 399 digam-

233 412 293 437 mo
320 399 518 449 conspicua
541 405 609 447 est,
640 398 863 436 dummodo
892 396 1045 436 alterum
1073 412 1204 436 sonum
1233 400 1334 447 elidi,
1381 400 1492 437 modo
1519 400 1594 437 hia-

234 461 310 492 tum
336 452 472 490 servari
494 451 656 490 videmus
684 474 699 483 -
729 452 799 489 cfr.
830 450 1043 502 ἐπιάλμενος
1069 458 1106 490 et
1132 452 1345 504 ἐπάλμενος,
1376 456 1511 494 ἐπᾶλτο
1558 460 1595 492 et

232 510 378 548 ἐπίαλτο
400 525 445 534 -
472 505 614 544 difficile
641 512 697 544 est
721 507 758 543 in
786 518 826 542 re
858 504 1028 557 ambigua
1052 506 1237 543 veritatem
1254 509 1447 558 attingere.
1503 507 1595 544 Eam

232 562 279 601 ob
304 574 448 600 causam
475 559 564 598 haec
592 562 714 607 omnia
739 558 927 598 omisimus
956 558 1145 598 vocabula.
1176 558 1217 597 Si
1242 574 1329 599 vero
1355 563 1438 615 quis
1453 562 1590 611 omnia,

234 617 326 667 quae
354 615 398 652 de
426 614 492 651 hac
519 628 559 651 re
575 615 764 664 *disputata
790 620 890 660 sunt,
917 614 1041 652 videre
1067 614 1157 662 vult,
1195 615 1228 651 is
1268 615 1385 663 adeat,
1432 628 1588 667 quaesu-

229 683 325 718 mus,
356 668 542 720 Ileym‘um
580 667 688 705 Tom.
717 666 804 716 Vll,
835 667 1043 705 765-775
1070 673 1108 704 et
1137 665 1327 705 Tlu‘erscla.
1357 667 1422 706 Gr.
1454 670 1520 707 Gr.
1547 669 1587 722 §-

232 725 321 762 160.
352 737 410 774 sq.
442 721 505 758 ubi
532 722 651 758 omnia
679 722 717 757 in
743 734 816 758 uno
844 720 927 758 loco
958 721 1110 759 collecta
1137 721 1308 759 inveniet.

333 775 437 825 Quae
464 774 510 812 ad
527 787 613 811 ‘rem
635 773 881 812 illustrandam
903 787 923 811 e
954 787 1084 826 magna
1123 773 1287 811 locorum
1328 777 1431 827 copia
1475 790 1586 828 appo-

229 831 367 867 suimus
394 827 557 877 exempla
581 847 596 856 -
623 841 705 864 nam
734 841 859 865 omnes
885 827 989 864 locos
1017 840 1218 878 congerere
1243 841 1361 879 neque
1394 843 1485 880 opus
1513 837 1584 877 est,

227 897 347 935 neque
374 881 454 920 fieri
480 887 601 932 potest
628 902 643 910 -
670 882 706 918 in
735 881 792 919 his
817 881 1047 932 potissimum
1076 881 1333 932 spectavimus,
1361 889 1402 920 ut
1428 882 1523 921 bona
1551 890 1587 921 et

226 937 371 988 provisa
397 935 541 972 adesset
568 935 813 986 exemplorum
839 936 1021 973 materies.
1052 933 1171 983 Quam
1199 934 1247 972 oh
1274 949 1351 974 rem
1372 937 1584 988 plerumque

223 990 334 1028 modo
361 990 562 1027 Homerum
577 988 620 1041 ’),
655 989 857 1027 Hesiodum
871 987 914 1041 '')
943 995 980 1026 et
1006 988 1204 1026 Pindarum
1219 988 1291 1042 n²),
1329 992 1392 1042 qui
1420 992 1580 1029 omnium

222 1046 262 1082 in
289 1058 396 1081 mauu
422 1049 507 1081 sunt
535 1049 571 1081 et
585 1043 682 1094 apud
708 1057 800 1095 quos
826 1056 886 1081 res
907 1042 954 1080 ad
975 1041 1264 1094 probabilitatem
1291 1044 1423 1082 adduci
1445 1051 1580 1097 potest,

223 1100 390 1147 citamus,
421 1099 469 1135 ita
496 1105 630 1148 tamen,
659 1102 699 1135 ut
727 1111 845 1149 neque
873 1097 952 1134 loca
979 1103 1166 1148 poetarum
1193 1098 1431 1136 Aeolicorum
1468 1100 1581 1137 silen-

219 1154 270 1191 tie
296 1153 586 1203 praeteriremus.
808 1191 815 1193 c

272 1205 416 1256 ἄγνυμι.
445 1205 635 1255 Digamma
662 1205 741 1241 voci
770 1216 851 1241 esse
878 1203 1079 1254 praefixum
1105 1209 1284 1240 testantur
1308 1205 1447 1244 hiatus:
1474 1205 1518 1242 ll.
1548 1222 1578 1252 ε,

222 1260 310 1297 161.
365 1264 410 1302 θ,
467 1259 557 1295 403.
596 1273 640 1311 ψ,
690 1256 861 1294 341.0d.
908 1271 950 1302 κ,
1006 1257 1123 1294 123.:
1179 1264 1408 1307 auqmentnm
1460 1259 1573 1309 sylla·

220 1314 360 1350 hicum:
388 1312 467 1357 ἔαξε
497 1310 542 1348 ll.
569 1326 609 1362 η,
636 1309 728 1346 270.
759 1312 841 1358 ἔαγε
866 1307 967 1345 Hes.
991 1307 1065 1358 Op.
1096 1309 1187 1345 534.
1217 1308 1307 1362 ἐάγη
1333 1310 1377 1347 ll.
1408 1314 1441 1356 λ,
1481 1312 1570 1348 559.

217 1366 342 1416 Apoll.
371 1364 444 1401 nh.
475 1379 509 1413 y,
535 1364 627 1401 954.
657 1362 820 1415 ἐάγησαν
844 1361 1048 1413 Tryphiod.
1080 1362 1170 1399 586.
1188 1364 1345 1412 positio:
1371 1363 1479 1404 πάλιν
1491 1363 1577 1415 ἆγεν

215 1420 261 1457 11.
292 1422 325 1459 δ.
358 1419 449 1455 214.
480 1417 657 1467 Compos.
686 1414 920 1465 κατεάγοιπο
945 1414 1026 1451 Pol.
1058 1413 1163 1464 Vm,
1195 1415 1256 1452 17.
1285 1417 1509 1468 κατεάξαμεν
1527 1418 1569 1455 ll.

216 1489 251 1520 ν,
276 1472 368 1510 257.
396 1473 621 1523 κατεαγῆναι
648 1468 740 1507 Plat.
772 1469 889 1520 Gorg.
933 1482 971 1519 p.
1010 1469 1100 1505 469.
1142 1471 1321 1517 κατέαξας
1361 1472 1442 1509 Ael.
1472 1472 1570 1509 Hist.

214 1528 314 1563 Anu.
339 1526 390 1573 X,
422 1526 483 1561 10.
514 1522 691 1570 καυάξαις
725 1523 818 1559 Hes.
863 1521 937 1571 Op.
969 1522 1057 1558 666.
1090 1522 1180 1557 691.
1223 1524 1401 1572 ἐξεαγεῖσα
1442 1524 1568 1574 Apoll.

212 1578 335 1617 Rhod.
365 1581 402 1622 a,
432 1578 546 1615 1686.
577 1577 725 1622 συνέαξε
752 1575 796 1612 11.
832 1576 866 1620 λ,
896 1576 982 1611 114.
1022 1572 1143 1627 ᾱαγής
1180 1573 1255 1611 od.
1298 1577 1329 1621 λ,
1352 1577 1442 1613 575.
1482 1577 1563 1615 Cfr.

212 1634 320 1672 etiam
346 1630 506 1679 Βακτός,
545 1629 690 1681 κλάσμα
731 1628 896 1680 Hesych.
934 1648 977 1657 —
1010 1627 1221 1666 Derivatum
1247 1626 1344 1683 α’κτή
1367 1630 1463 1681 apud
1489 1631 1569 1668 Ho-

210 1700 349 1724 merum
375 1686 482 1735 plane
516 1685 553 1720 vi
579 1684 804 1733 digammatis
833 1681 996 1718 fortioris
1035 1683 1061 1718 i.
1104 1695 1138 1718 e.
1182 1685 1415 1720 consonantis
1445 1698 1568 1721 carere

208 1740 367 1786 videtur,
398 1737 470 1776 cfr.
500 1736 546 1774 Il.
575 1754 595 1776 ν
622 1737 712 1774 322.
743 1751 785 1789 φ,
811 1735 875 1773 76.
907 1733 981 1771 Od.
1011 1750 1040 1781 e,
1068 1735 1132 1772 82.
1165 1735 1252 1776 151.
1285 1736 1374 1773 405.
1404 1737 1494 1774 425.

313 1796 467 1843 αἴνυμαι
494 1790 576 1842 (pro
603 1789 803 1842 αἴρνυμαιΡ
830 1787 999 1826 cohaeret
1024 1789 1136 1839 igilur
1162 1800 1244 1825 cum
1271 1793 1392 1840 αἱρέω,
1420 1805 1482 1842 qu.
1514 1792 1566 1827 vi-

209 1847 283 1899 de).
328 1846 548 1895 Digammati
573 1845 819 1894 patrocinatur
845 1854 1008 1892 compos.
1050 1839 1279 1892 ἀποαίνυμαι
1305 1842 1349 1879 Il.
1394 1860 1428 1887 ν,
1468 1844 1561 1881 262.

208 1897 337 1939 Confr.
373 1897 565 1937 Thiersclt.
594 1896 660 1935 Gr.
690 1894 851 1933 Gramm.
881 1893 918 1948 §-
953 1893 1040 1932 153.
1070 1895 1108 1932 6.
1138 1900 1174 1931 et
1202 1894 1349 1943 Sanser.
1380 1909 1478 1945 wan,
1496 1901 1563 1933 un-

212 1959 227 1971 *
252 1971 284 2014 ²)
310 1970 355 2046 bie
382 1970 493 2001 uimur
543 1968 741 2013 plerumque
785 1966 967 2000 editionem
1003 1979 1021 1998 a
1060 1965 1183 1998 Crust‘o
1229 1971 1371 1998 curatam
1386 1990 1396 2008 ‚
1441 1966 1553 1998 Hann-

247 2056 294 2101 '')
318 2011 632 2092 Helix-disdalrmina
654 2053 822 2089 recensuit
844 2054 884 2088 C.
912 2052 1138 2098 Goetlingius.
1167 2051 1295 2087 Gothae
1319 2051 1417 2086 1831.

245 2102 309 2147 2⁸⁶)
334 2102 373 2135 In
404 2102 544 2136 citandis
574 2100 711 2135 Pindari
733 2098 815 2133 locis
836 2098 1008 2145 sequimur
1029 2104 1095 2132 tam
1104 2097 1237 2143 Heym‘i
1250 2096 1442 2141 editionem,
1464 2109 1561 2143 quam

315 2153 547 2194 stereotypam.
